Time,Entropy_raw_at_t,Entropy_norm_at_t,v_l2,v_cos
2025-10-05 16:12:40.947829962,4.464927062243004,0.8797584525757357,6.156665298729662,0.003124405089038551
2025-10-05 16:12:41.072720051,4.487326386309904,0.8841719613307789,7.596360657101794,0.004505942830354326
2025-10-05 16:12:41.197809935,4.536541006032013,0.8938690912250071,8.712221137936238,0.00700476415985829
2025-10-05 16:12:41.322700024,4.601876243470842,0.9067425887282288,8.47075695873533,0.008750326710507683
2025-10-05 16:12:41.447900057,4.663236457420787,0.9188328571966238,6.840507860122156,0.007919935120326849
2025-10-05 16:12:41.572690010,4.705539220759569,0.9271680915903315,4.824352705136514,0.005317795586492702
2025-10-05 16:12:41.697779894,4.727038480793152,0.9314042539004874,3.681851388813922,0.0037101989316644657
2025-10-05 16:12:41.822669983,4.732948300522035,0.9325687105169571,3.674662413473243,0.003868171900015205
2025-10-05 16:12:41.947870016,4.727804930270879,0.93155527325581,4.130721566724995,0.004824314163443755
2025-10-05 16:12:42.072760105,4.715192871902441,0.9290702237131556,4.323467982617427,0.005434770142499934
2025-10-05 16:12:42.197849989,4.699443567429486,0.925967018769577,3.740565894053198,0.004160438954728618
2025-10-05 16:12:42.322639942,4.6882210630717776,0.9237557635956117,2.772983301206482,0.0020885790832945172
2025-10-05 16:12:42.447839975,4.691296569895513,0.9243617540376542,2.620721426478976,0.002919222783016484
2025-10-05 16:12:42.572730064,4.708715927396618,0.927794022199351,3.323018588893538,0.007121560607860844
2025-10-05 16:12:42.697819948,4.726460545792413,0.9312903789827448,3.8373502826868697,0.010561458787953337
2025-10-05 16:12:42.822710037,4.731567977464944,0.9322967349930946,3.846109542949472,0.010222934673092321
2025-10-05 16:12:42.947799921,4.724608803092277,0.930925516070153,3.5023397001166234,0.007751994194583167
2025-10-05 16:12:43.072700024,4.718723569874333,0.929765903920461,3.013982000262775,0.005492909469302143
2025-10-05 16:12:43.197890043,4.724684558523253,0.9309404427374424,2.5524448410140033,0.0039925911848250895
2025-10-05 16:12:43.322679996,4.744262069723256,0.934797948295427,2.4751216599642127,0.0037564503916716063
2025-10-05 16:12:43.447669983,4.771992771182097,0.9402619387848963,2.9039884854981777,0.005138353555121267
2025-10-05 16:12:43.572570086,4.794610275619914,0.9447184372736629,3.745610061955062,0.006477507099187929
2025-10-05 16:12:43.697659969,4.795301024157321,0.9448545406984034,5.347094103627222,0.006383846519558256
2025-10-05 16:12:43.822550058,4.769676347431409,0.9398055162395768,7.175001908802116,0.0051846282899876694
2025-10-05 16:12:43.947740078,4.730378531917086,0.9320623695129829,8.407644809431057,0.004722754367228688
2025-10-05 16:12:44.072540045,4.693098180646621,0.9247167390719992,8.83969488101699,0.005613281286220961
2025-10-05 16:12:44.197629929,4.66181073823603,0.9185519369293262,8.614764496911102,0.006321552394320085
2025-10-05 16:12:44.322520018,4.630917392026015,0.9124647865508931,7.5387627801007255,0.005460022626911809
2025-10-05 16:12:44.447710037,4.595570052359669,0.9055000320512056,6.137060488492352,0.004141948012889363
2025-10-05 16:12:44.572609901,4.555413220439457,0.8975876268051672,6.072741639580018,0.00424053794229684
2025-10-05 16:12:44.697599888,4.512331405092706,0.8890988898839932,6.702199158871288,0.0050715542754981024
2025-10-05 16:12:44.822590113,4.468484386431319,0.8804593791484645,6.550895134787765,0.004134493074597234
2025-10-05 16:12:44.947580099,4.426307850003356,0.8721490162006253,6.0356947858659975,0.00214694369744306
2025-10-05 16:12:45.072380066,4.387735149084371,0.8645487443038867,6.073387826154442,0.0014503210417302626
2025-10-05 16:12:45.197469950,4.350956771004474,0.8573020214488977,6.278412547498853,0.001678663764236088
2025-10-05 16:12:45.322360039,4.317725730882074,0.8507542575038182,6.22489413621573,0.0018624610278554776
2025-10-05 16:12:45.447449923,4.297140328906194,0.8466981595798238,5.759290520539314,0.0016925496420392427
2025-10-05 16:12:45.572340012,4.2978234534841215,0.8468327607979884,4.858925553071996,0.0012333109798329245
2025-10-05 16:12:45.697439909,4.320567820423929,0.851314255967974,4.219097405722816,0.0010042547391249101
2025-10-05 16:12:45.822329998,4.3650513498638706,0.8600791832511379,5.632766956930404,0.0019025201513671597
2025-10-05 16:12:45.947419882,4.425976074157329,0.8720836438886403,8.50233993275216,0.004338553619655294
2025-10-05 16:12:46.072309971,4.486505712497479,0.8840102577434137,10.882871172314914,0.007201357073269188
2025-10-05 16:12:46.197410107,4.524954957964713,0.8915862042758897,11.39840229075641,0.008083099420294504
2025-10-05 16:12:46.322299957,4.52923808425861,0.8924301411438331,10.033074897366758,0.006312887496556341
2025-10-05 16:12:46.447390079,4.504162997811555,0.8874894066271574,8.456231172220104,0.004243542781900089
2025-10-05 16:12:46.572279930,4.4682596016023055,0.8804150880882572,8.288194302504076,0.003907850446853045
2025-10-05 16:12:46.697380066,4.441853533092921,0.8752121000782459,8.201122753283663,0.004135323509631084
2025-10-05 16:12:46.822269917,4.4353042674297765,0.8739216485781444,6.905114090585614,0.0030637676449399853
2025-10-05 16:12:46.947360039,4.447547909634233,0.8763341062889928,5.365399012784885,0.001814106138090965
2025-10-05 16:12:47.072249889,4.471665008741753,0.8810860812923176,5.4930976904377005,0.0025501204205646832
2025-10-05 16:12:47.197449923,4.498357809084961,0.8863455662508596,6.218661490258093,0.004268915984621757
2025-10-05 16:12:47.322340012,4.517331470050754,0.8900840906160431,6.095886095889259,0.004567776887394515
2025-10-05 16:12:47.447429895,4.525118521308714,0.8916184324024438,5.443283075393931,0.0035485544401577807
2025-10-05 16:12:47.572319984,4.52857856048405,0.8923001901710053,5.691117057794365,0.003454884890221166
2025-10-05 16:12:47.697319984,4.538794790148218,0.8943131714079243,7.5360733518563245,0.007438164668924441
2025-10-05 16:12:47.822210073,4.557873378832433,0.8980723704775103,9.896536804973698,0.01918976219440638
2025-10-05 16:12:47.947200060,4.573867630723714,0.9012238392692338,11.241826499461379,0.033032349732630584
2025-10-05 16:12:48.072089911,4.571938898580528,0.9008438065425916,10.209744696149407,0.027396440094738295
2025-10-05 16:12:48.197180033,4.551503724336534,0.8968173091283248,7.087502121049841,0.011018678645600244
2025-10-05 16:12:48.322180033,4.5305740345799315,0.8926933735709298,5.900119857511879,0.0074756821964552245
2025-10-05 16:12:48.447170019,4.520694267428688,0.8907466880955303,9.597614742954,0.019856307071106527
2025-10-05 16:12:48.572060108,4.512957483943078,0.8892222509496759,12.883006934970192,0.03228723647632925
2025-10-05 16:12:48.697149992,4.488863927066158,0.8844749146506512,13.392771690982077,0.026663234398082047
2025-10-05 16:12:48.822050095,4.447848601485105,0.8763933538855911,11.395267713282696,0.013266684135884055
2025-10-05 16:12:48.947139978,4.398075973409646,0.8665862753721303,9.162484314937297,0.006740347619640152
2025-10-05 16:12:49.072030067,4.343691824275606,0.8558705538788489,8.944546140991616,0.006724944690652657
2025-10-05 16:12:49.197119951,4.28308044562313,0.8439278341102092,9.470075901370484,0.007700470841107365
2025-10-05 16:12:49.322020054,4.2178110523103545,0.8310673103746751,8.640499632625996,0.006438629133322271
2025-10-05 16:12:49.447109938,4.1602170655249555,0.8197191302172738,6.677393227520002,0.0038640073598705804
2025-10-05 16:12:49.572000027,4.132828727223034,0.814322598137976,6.603518206476154,0.0025642380121685404
2025-10-05 16:12:49.697089911,4.1542889527591065,0.8185510691849491,9.16738752471706,0.004466610258452186
2025-10-05 16:12:49.821990013,4.2267784158123245,0.8328342180370399,10.987898177745324,0.009827537221911098
2025-10-05 16:12:49.947079897,4.3243453529735625,0.8520585718647605,10.347921364463106,0.014012446398479317
2025-10-05 16:12:50.072069883,4.405838852230187,0.8681158542798003,7.801947057110937,0.01097200685505395
2025-10-05 16:12:50.197060108,4.4438971784410075,0.8756147750254472,6.011875513946626,0.006456329566768115
2025-10-05 16:12:50.322050095,4.445816079141508,0.8759928705883501,7.481721972137965,0.007076900524879415
2025-10-05 16:12:50.447050095,4.4267851949436094,0.8722430710956164,9.30592002823751,0.007178618578955298
2025-10-05 16:12:50.572040081,4.391505954966693,0.8652917347943806,9.311142143168473,0.004294174836222631
2025-10-05 16:12:50.697129965,4.348981521308509,0.8569128230159225,7.323315746276409,0.0018620638290590685
2025-10-05 16:12:50.822020054,4.313281145010203,0.8498785070303013,4.4879369383815995,0.0012294674714321552
2025-10-05 16:12:50.947119951,4.2903598656007675,0.8453621534542654,4.872377997531288,0.0015034170906579325
2025-10-05 16:12:51.071909904,4.280894098164966,0.8434970414836391,8.727068854448785,0.001832618085811255
2025-10-05 16:12:51.197000027,4.286456038345454,0.8445929527534745,11.988342284586265,0.001948387425780962
2025-10-05 16:12:51.321990013,4.311246589109152,0.8494776230458073,12.920765970588896,0.001974521041375632
2025-10-05 16:12:51.447190046,4.364452179525669,0.8599611241737515,11.23978967984717,0.003131696111245197
2025-10-05 16:12:51.572180033,4.4585325037879215,0.8784984842105363,8.032041362721559,0.009776706971437954
2025-10-05 16:12:51.697069883,4.575246647425412,0.9014955573919823,5.288290019515382,0.019256685146471164
2025-10-05 16:12:51.821959972,4.658027219103464,0.9178064414506868,4.350022961353653,0.013941267180162753
2025-10-05 16:12:51.947060108,4.692358465613596,0.924570987407139,4.342770893024867,0.004823358301526248
2025-10-05 16:12:52.071850061,4.705165182188426,0.9270943919329878,5.7475618412043215,0.005923024726957604
2025-10-05 16:12:52.196939945,4.704561136479051,0.9269753722242319,9.005348449993427,0.012686920874734553
2025-10-05 16:12:52.321929932,4.6743476241609265,0.9210221746751283,12.254273547566337,0.012961702596664293
2025-10-05 16:12:52.447030067,4.611910052110501,0.9087196261667381,13.771084030012162,0.007922159464333056
2025-10-05 16:12:52.571919918,4.540513804579623,0.8946518818627751,12.787234209020458,0.004634463587940396
2025-10-05 16:12:52.697010040,4.485054026224052,0.8837242209836342,10.43582053053525,0.004635083986998634
2025-10-05 16:12:52.822099924,4.454825600473536,0.8777680849278048,9.84185458032189,0.006794322479749759
2025-10-05 16:12:52.947089911,4.445132060676968,0.8758580932409247,11.480370881017086,0.00962105523923329
2025-10-05 16:12:53.071890116,4.44722671014371,0.876270817916571,12.41690512981085,0.011157573347156502
2025-10-05 16:12:53.196980000,4.453945973313693,0.8775947653151438,11.419021395478161,0.009943937031449357
2025-10-05 16:12:53.321870089,4.463051241465563,0.8793888453769023,9.267355323628257,0.007139809265308217
2025-10-05 16:12:53.446959972,4.473675032758148,0.881482131573465,7.481349824390315,0.005331861873406951
2025-10-05 16:12:53.571860075,4.480203225231274,0.8827684308630638,6.778997270927759,0.004962504545034885
2025-10-05 16:12:53.697050095,4.474576374137197,0.8816597297034725,6.723158061292252,0.004564605557088042
2025-10-05 16:12:53.821939945,4.449794251611134,0.8767767200907425,6.8171850337665045,0.003395993813416931
2025-10-05 16:12:53.947030067,4.4055950884774155,0.86806782365826,6.938507444042629,0.0023059686276853952
2025-10-05 16:12:54.071929932,4.355627665283949,0.8582223631848703,7.041565996307569,0.0021671604723977334
2025-10-05 16:12:54.197020054,4.320963397245914,0.8513921994702828,6.859775053008883,0.0024402561654222055
2025-10-05 16:12:54.321909904,4.317210927535627,0.8506528218948738,6.367430284866256,0.00251876741474788
2025-10-05 16:12:54.447000027,4.3454671162110055,0.8562203531172653,6.017170689075392,0.0023735474584534177
2025-10-05 16:12:54.571899891,4.39235988273084,0.8654599906601371,5.39383667083246,0.0019089557898978038
2025-10-05 16:12:54.696890116,4.43693372686866,0.8742427133334031,5.009761657155556,0.0015060141265760274
2025-10-05 16:12:54.821779966,4.461494524087033,0.8790821135416582,7.215017664327234,0.0019503731676454583
2025-10-05 16:12:54.946870089,4.456836953640495,0.8781643971015712,9.794423990881238,0.0024389422285883144
2025-10-05 16:12:55.071769953,4.427090035588564,0.8723031361605881,9.898056253118183,0.0019186851016965711
2025-10-05 16:12:55.196860075,4.388797598199688,0.8647580867134271,7.656604928764644,0.0014576329115927322
2025-10-05 16:12:55.321749926,4.361853269769226,0.8594490412676169,7.910391870670506,0.0024508307309178967
2025-10-05 16:12:55.446739912,4.355334408014914,0.8581645804803343,10.572615391508146,0.004278397499387632
2025-10-05 16:12:55.571630001,4.362973356973012,0.8596697405470041,11.018872065643835,0.004859119034764103
2025-10-05 16:12:55.696729898,4.3721660212887965,0.8614810409379761,9.619652473574657,0.003913045166146656
2025-10-05 16:12:55.821520090,4.371080298146707,0.8612671126703707,9.724908113485291,0.0034779592049506425
2025-10-05 16:12:55.946510077,4.358229332727216,0.8587349894589612,10.084896093654557,0.0030896041597145985
2025-10-05 16:12:56.071599960,4.344497191668092,0.8560292415261701,8.090161075905351,0.002071167582315292
2025-10-05 16:12:56.196599960,4.35154636678055,0.8574181939776703,8.510023550185334,0.0024429543801564035
2025-10-05 16:12:56.321589947,4.394809365185842,0.8659426307714274,14.826681489178858,0.006756954045541219
2025-10-05 16:12:56.446680069,4.4665769332592085,0.8800835391789279,19.749544246565236,0.014444333027272771
2025-10-05 16:12:56.571569920,4.539339705291073,0.8944205401725602,19.221694898657923,0.017015685468064534
2025-10-05 16:12:56.696569920,4.587809143486043,0.9039708412971212,13.47312990000794,0.009458687977403235
2025-10-05 16:12:56.821559906,4.608193151492205,0.9079872570393718,7.781124530695741,0.003276532782274133
2025-10-05 16:12:56.946650028,4.6112832476520635,0.9085961221289934,10.326643384044981,0.00607183463180494
2025-10-05 16:12:57.071540117,4.602009694671491,0.9067688836307302,14.212325650066317,0.011628081813580882
2025-10-05 16:12:57.196540117,4.579312577472215,0.9022966984355852,14.309930256872043,0.011689553351568849
2025-10-05 16:12:57.321530104,4.544188818820599,0.8953759977994441,11.383523798300462,0.007376717955537293
2025-10-05 16:12:57.446520090,4.5042152551303,0.8874997032831238,11.052279098696069,0.0063587419387187705
2025-10-05 16:12:57.571510077,4.472296232975195,0.8812104561918623,15.064646073565587,0.013441274630991651
2025-10-05 16:12:57.696500063,4.450098493854696,0.8768366672481479,17.684576201834325,0.023015191527930967
2025-10-05 16:12:57.821500063,4.4258888261465135,0.8720664527511559,16.42806415069603,0.021142870222014776
2025-10-05 16:12:57.946490049,4.393671743128549,0.8657184764668244,11.688621663159646,0.010248347639860822
2025-10-05 16:12:58.071480036,4.364746350506612,0.8600190869138769,7.6317810264154575,0.0042436291443456176
2025-10-05 16:12:58.196470022,4.357403842582845,0.8585723368731732,9.490229474206563,0.005025598475790094
2025-10-05 16:12:58.321470022,4.38624519599659,0.8642551675433612,12.717966138869807,0.010641359354011448
2025-10-05 16:12:58.446559906,4.459281192975141,0.8786460041210805,13.376832703654514,0.017880126013061548
2025-10-05 16:12:58.571549892,4.554789650266209,0.8974647600431707,12.273043079014185,0.020051337545698877
2025-10-05 16:12:58.696540117,4.636254024490105,0.9135163037320527,9.909789649925724,0.012768592882438923
2025-10-05 16:12:58.821540117,4.683455222817299,0.9228167139338695,7.269944423621201,0.005348920177788763
2025-10-05 16:12:58.946530104,4.703253155312614,0.926717650771912,5.341691594231644,0.002450785182428139
2025-10-05 16:12:59.071520090,4.70691720248262,0.9274396057833854,6.447724326366242,0.004056954753485775
2025-10-05 16:12:59.196510077,4.695440160611035,0.9251781971519933,9.114698405842015,0.007837521906572165
2025-10-05 16:12:59.321510077,4.66118319874294,0.9184282880621275,10.89783218537577,0.009424834616404865
2025-10-05 16:12:59.446399927,4.597680769922803,0.905915922745786,11.435177469962547,0.007284894889348026
2025-10-05 16:12:59.571389914,4.513633054297801,0.8893553637019319,11.874468305186971,0.005200571960281342
2025-10-05 16:12:59.696379900,4.427806594856607,0.8724443252694009,12.836385228368462,0.004783504759324986
2025-10-05 16:12:59.821379900,4.353971487073661,0.8578960338273778,12.899024754308911,0.0042173752120230334
2025-10-05 16:12:59.946369886,4.3003011628458845,0.8473209626708634,10.81821276858969,0.0027942184330549402
2025-10-05 16:13:00.071460009,4.27520372900057,0.8423758248767684,7.939664325598341,0.0019283122200388636
2025-10-05 16:13:00.196549892,4.280419519318498,0.8434035316130917,9.013091329036008,0.002884816696971715
2025-10-05 16:13:00.321439981,4.3069270086989055,0.8486265033467576,13.107526284403665,0.0054080066594581755
2025-10-05 16:13:00.446439981,4.341027357987879,0.855345553872006,15.772531263493475,0.00791209480602828
2025-10-05 16:13:00.571429968,4.371952667170516,0.8614390021574243,15.596429950647453,0.008482338661198852
2025-10-05 16:13:00.696419954,4.395868059829021,0.8661512334088388,12.903694780705681,0.006255602192047127
2025-10-05 16:13:00.821409941,4.414459145081424,0.8698143759787739,9.303443750674424,0.0031508045200177026
2025-10-05 16:13:00.946409941,4.431595366822859,0.8731908557537125,9.46463540224683,0.005971823312602709
2025-10-05 16:13:01.071300030,4.444916061744924,0.8758155333326519,13.547684685697924,0.016562465337831678
2025-10-05 16:13:01.196290016,4.434594128765285,0.8737817245695597,16.39996046869525,0.021111872085631034
2025-10-05 16:13:01.321280003,4.385081690489068,0.8640259132261928,15.672774990088257,0.01320985097212335
2025-10-05 16:13:01.446280003,4.310726169132722,0.8493750807496463,11.585340815574487,0.004892105676597591
2025-10-05 16:13:01.571269989,4.2483674990559175,0.8370880788957145,6.782559206735387,0.0018583632277204831
2025-10-05 16:13:01.696259975,4.2279541509452505,0.8330658820500826,7.15423775724682,0.00261776285885551
2025-10-05 16:13:01.821150064,4.253632149384802,0.8381254128906768,10.421219524948986,0.004724617031450773
2025-10-05 16:13:01.946150064,4.310072757513092,0.8492463341010746,11.43981549834546,0.0056851301912125285
2025-10-05 16:13:02.071039915,4.374508470482876,0.8619425914738511,9.063101793836976,0.003857058135032898
2025-10-05 16:13:02.196029902,4.4245724114362694,0.8718070695737182,4.602898375157873,0.0012841201389971468
2025-10-05 16:13:02.321120024,4.447971259003237,0.8764175220269392,4.882097207179821,0.001729807468862643
2025-10-05 16:13:02.446219921,4.44365301630225,0.8755666659068935,8.176880837428536,0.0031417160118724086
2025-10-05 16:13:02.571110010,4.42052471511191,0.8710095212587796,8.608668332390614,0.002781371007601563
2025-10-05 16:13:02.696099997,4.395636850063711,0.8661056763946896,6.680674770423718,0.002223449475984407
2025-10-05 16:13:02.821089983,4.385682689718869,0.8641443326639658,7.276954967508048,0.0029123622910605107
2025-10-05 16:13:02.946079969,4.3967023723526575,0.866315624334945,10.76318211914139,0.004898381426441389
2025-10-05 16:13:03.071180105,4.42357433083262,0.8716104101803683,12.194081427393455,0.00677888659071646
2025-10-05 16:13:03.196170092,4.451964527112088,0.8772043459376522,10.41423933891751,0.006547155280483108
2025-10-05 16:13:03.321160078,4.468778418387905,0.880517314495566,7.512324054013245,0.005387089370774478
2025-10-05 16:13:03.446150064,4.471217654598565,0.8809979357115997,7.24509716284309,0.0053415491419784855
2025-10-05 16:13:03.571150064,4.46052697968812,0.8788914709283925,9.564706509993238,0.005296441297637622
2025-10-05 16:13:03.696140051,4.434382385739929,0.8737400032348696,11.930942973742269,0.004479073065318029
2025-10-05 16:13:03.821130037,4.393738893833339,0.865731707679633,12.820900916858921,0.002987340105896963
2025-10-05 16:13:03.946219921,4.345995179336713,0.8563244014011137,11.854469512877118,0.00203264080300114
2025-10-05 16:13:04.071120024,4.30223848953046,0.8477026888451985,10.869720007623519,0.0027893415313449132
2025-10-05 16:13:04.196110010,4.273784579667364,0.8420961991171645,11.83918934869102,0.00485091700833129
2025-10-05 16:13:04.320899963,4.272286952882947,0.8418011103499736,13.578642021840773,0.006825139905610844
2025-10-05 16:13:04.445889950,4.301360583445993,0.847529708349076,14.129038839166943,0.007345365044208241
2025-10-05 16:13:04.571089983,4.352045516453136,0.857516545224496,12.785425940782615,0.0058092572373994456
2025-10-05 16:13:04.696079969,4.409620137209477,0.8688609095462703,10.58108912918576,0.003320315235711635
2025-10-05 16:13:04.821170092,4.460285149083862,0.8788438212097698,10.077132141335994,0.0022892102699736405
2025-10-05 16:13:04.946160078,4.4955869965895,0.8857996120439033,11.829188435819383,0.004206118901525668
2025-10-05 16:13:05.070950031,4.511759684072108,0.8889862393539006,13.43857335318876,0.008240004994456984
2025-10-05 16:13:05.195950031,4.50758498623938,0.8881636669682621,13.289088915782266,0.01126728228536178
2025-10-05 16:13:05.321039915,4.484929154066972,0.8836996164751727,11.116621602059906,0.00982667859633879
2025-10-05 16:13:05.446130037,4.451565622542175,0.877125746743923,7.858367984192838,0.005184288186584229
2025-10-05 16:13:05.571019888,4.428036791272978,0.8724896826157208,6.346680738578552,0.0031953049029734837
2025-10-05 16:13:05.696019888,4.433850047947389,0.873635112680985,7.970869721014952,0.006719285281180265
2025-10-05 16:13:05.820909977,4.465458070026009,0.8798630810677512,9.03006650322549,0.010880302428382005
2025-10-05 16:13:05.945899963,4.498987862997248,0.8864697105531485,7.673856915618898,0.00890911231625846
2025-10-05 16:13:06.070990086,4.518891106025098,0.8903913975243626,4.92579218179594,0.0038695433956044134
2025-10-05 16:13:06.195990086,4.526652352184147,0.8919206547363526,5.068258337629604,0.005070006803358118
2025-10-05 16:13:06.320980072,4.516873191385656,0.8899937924938935,8.190245662123022,0.009112378529788856
2025-10-05 16:13:06.445970058,4.469317946009707,0.8806236217160562,11.429145481362728,0.006250654544988854
2025-10-05 16:13:06.570960045,4.381976902497293,0.8634141532934677,13.925115091352637,0.0022920788811131576
2025-10-05 16:13:06.695960045,4.284511668978753,0.8442098389060502,14.359071965613897,0.0018892040955662548
2025-10-05 16:13:06.821049929,4.208791339096508,0.8292900878514242,12.034864988931538,0.0025756032316619493
2025-10-05 16:13:06.946039915,4.170418401485021,0.8217291768346813,8.35863632629994,0.0028239729847190365
2025-10-05 16:13:07.071029902,4.174372773838487,0.8225083368196252,8.792603578404803,0.0028234796378454607
2025-10-05 16:13:07.196019888,4.220149035613295,0.831527980962138,13.2568234781262,0.003185084977260333
2025-10-05 16:13:07.320919991,4.302749803267173,0.8478034368698629,16.36039416359777,0.004624013877795319
2025-10-05 16:13:07.445909977,4.409696034739096,0.8688758642123334,15.983601367134629,0.007371724994309714
2025-10-05 16:13:07.570899963,4.5199567764273905,0.8906013746485142,12.406804113738518,0.009732454999107687
2025-10-05 16:13:07.695889950,4.607505620392612,0.9078517875708129,8.173132780219404,0.01080256996281126
2025-10-05 16:13:07.820990086,4.652042755855194,0.9166272772553037,7.783396294955821,0.013168606265039129
2025-10-05 16:13:07.946079969,4.648496519293937,0.9159285353618513,9.616503720242822,0.012162778133443908
2025-10-05 16:13:08.070869923,4.6108226735923505,0.9085053717278287,9.188637012094393,0.007279100669297378
2025-10-05 16:13:08.195859909,4.5642441093117245,0.8993276438358669,6.0612513950928495,0.003415858120374482
2025-10-05 16:13:08.320859909,4.528784517855435,0.8923407715144002,3.635992291531983,0.0014283827718933884
2025-10-05 16:13:08.445849895,4.515639740026816,0.8897507562149906,6.786327006450102,0.0009808025382890273
2025-10-05 16:13:08.570839882,4.53101332297909,0.8927799298969102,9.878859892599348,0.002371976641536211
2025-10-05 16:13:08.695830107,4.5769014886303605,0.9018216233091695,10.441756610886552,0.006423378220432263
2025-10-05 16:13:08.820830107,4.6447658874946764,0.9151934606757266,8.449508457796524,0.012133376218062653
2025-10-05 16:13:08.945719957,4.710204559952475,0.9280873387654534,5.465480133640776,0.013511234071877931
2025-10-05 16:13:09.070709944,4.749621795794752,0.9358540157852554,3.6362801763883645,0.009066136298450433
2025-10-05 16:13:09.195600033,4.763357894398301,0.9385605435030486,3.2113031655097592,0.0053391721808184744
2025-10-05 16:13:09.320600033,4.768947392898829,0.9396618847977546,2.748783204247472,0.0038659385332830976
2025-10-05 16:13:09.445489883,4.78004084530054,0.9418477118857674,2.5714831729925827,0.003784267500671623
2025-10-05 16:13:09.570480108,4.802600972043198,0.9462929048119566,3.325768392756778,0.005589522786799472
2025-10-05 16:13:09.695569992,4.8360976934447235,0.9528930179550731,4.404476753842276,0.011946651772026473
2025-10-05 16:13:09.820569992,4.863339534819775,0.9582606846334598,5.836254739803344,0.02304362230401369
2025-10-05 16:13:09.945559978,4.850263049525709,0.9556841255302395,7.901827096724276,0.024022854036962915
2025-10-05 16:13:10.070549965,4.777114472184626,0.941271106389591,9.88249392558766,0.013499933782221807
2025-10-05 16:13:10.195440054,4.668133624260267,0.9197977831317278,10.396964085410318,0.005582417469207179
2025-10-05 16:13:10.320630074,4.565967322424234,0.8996671815887093,8.519271671539181,0.0021374506589034725
2025-10-05 16:13:10.445529938,4.493926518480979,0.8854724354448404,4.718267911417281,0.0009532394299011093
2025-10-05 16:13:10.570519924,4.453720985695614,0.8775504342978683,2.8702226340033272,0.0010057499114365376
2025-10-05 16:13:10.695410013,4.439401296492588,0.8747289172968066,6.555122164758488,0.001981871340342445
2025-10-05 16:13:10.820400000,4.445398120354875,0.8759105169977442,9.432371156183741,0.003610938524638674
2025-10-05 16:13:10.945499897,4.467625845726521,0.8802902143600151,10.249781088337887,0.005099792958022986
2025-10-05 16:13:11.070489883,4.50420985245902,0.8874986387538136,9.437305307198553,0.005625224245641491
2025-10-05 16:13:11.195379972,4.555828530852811,0.8976694585666938,7.923113694575574,0.0069543868682298005
2025-10-05 16:13:11.320369959,4.628150110670104,0.9119195281111516,6.125557622540254,0.01463188747126909
2025-10-05 16:13:11.445470095,4.722456118185912,0.9305013562315473,4.331587185382166,0.03009694016330733
2025-10-05 16:13:11.570460081,4.81361194797589,0.9484624809355645,3.135262689490308,0.03266516449081047
2025-10-05 16:13:11.695450068,4.850003253871119,0.9556329360214565,3.1483776036862223,0.01853500253920215
2025-10-05 16:13:11.820539951,4.8300099929587645,0.951693512143531,3.6533895671336505,0.007446936447109254
2025-10-05 16:13:11.945440054,4.795540090825738,0.9449016458177787,3.5906397627021844,0.0028520363571519214
2025-10-05 16:13:12.070430040,4.772598918072935,0.9403813725053768,2.641251993986375,0.0014522366748258575
2025-10-05 16:13:12.195420027,4.765000457554098,0.9388841901830631,1.5157559279211146,0.0015342801652389326
2025-10-05 16:13:12.320410013,4.768855227510009,0.9396437247519759,1.748690797779584,0.0024018974092572254
2025-10-05 16:13:12.445400000,4.77673816175813,0.9411969590913515,2.3556217111246878,0.0040214579640570625
2025-10-05 16:13:12.570400000,4.777605978370703,0.9413679515822821,2.573896549442887,0.006835265281854852
2025-10-05 16:13:12.695389986,4.755985125682145,0.9371078309488449,3.107255443393735,0.009368520470216413
2025-10-05 16:13:12.820480108,4.69894944751843,0.9258696585748241,3.8651495867239083,0.008176172686907401
2025-10-05 16:13:12.945470095,4.615437968172268,0.9094147582331862,3.8536692759777655,0.004411179367183049
2025-10-05 16:13:13.070470095,4.53978540317263,0.8945083594074836,2.7562295750490375,0.0019769790422049516
2025-10-05 16:13:13.195359945,4.5019974466331565,0.887062711649362,1.8414399742619907,0.001883210086334186
2025-10-05 16:13:13.320349932,4.509970845404752,0.8886337709001135,3.1004482355332104,0.004387388403628623
2025-10-05 16:13:13.445339918,4.553492715788709,0.8972092152037786,4.185067958091601,0.009400454016607718
2025-10-05 16:13:13.570339918,4.606303697837195,0.9076149636512439,4.401646364794882,0.013669709075933234
2025-10-05 16:13:13.695329905,4.6289525222253864,0.912077633347444,6.701750260904088,0.016323045936962766
2025-10-05 16:13:13.820319891,4.590403756350753,0.904482077554079,11.602607923082939,0.016011645786313533
2025-10-05 16:13:13.945310116,4.495390937727844,0.885760981078976,15.761460453088729,0.00933611924383082
2025-10-05 16:13:14.070310116,4.384185482712661,0.8638493266088603,16.710868693890994,0.003748900733707816
2025-10-05 16:13:14.195300102,4.298559793309474,0.8469778474200746,13.840256225751205,0.0015707601546782746
2025-10-05 16:13:14.320290089,4.256618489950939,0.838713834228518,8.967335535404654,0.0013108362619596026
2025-10-05 16:13:14.445280075,4.251931676878927,0.8377903558920827,5.788890065726503,0.001639121073691019
2025-10-05 16:13:14.570280075,4.264202128583436,0.8402080960821188,5.452702630507187,0.001665487848922953
2025-10-05 16:13:14.695169926,4.271752635591071,0.8416958297603172,4.938753083476234,0.0013859530749458226
2025-10-05 16:13:14.820159912,4.2618585906356135,0.8397463310208338,5.497069746150399,0.0016757251263526118
2025-10-05 16:13:14.945250034,4.232813298602574,0.8340233167772909,6.923737241256847,0.0022733238231740227
2025-10-05 16:13:15.070240021,4.195378732171475,0.8266473001532427,7.006882865089227,0.0021268685438691204
2025-10-05 16:13:15.195240021,4.164256880391735,0.820515125588832,5.854142240847672,0.0015131079283108306
2025-10-05 16:13:15.320230007,4.1540645810806875,0.8185068595309378,5.975033089071894,0.0016913059644667605
2025-10-05 16:13:15.445219994,4.165506110921037,0.820761270957401,7.954533620180129,0.0029529631661409095
2025-10-05 16:13:15.570310116,4.180965216150909,0.8238072957424969,9.637800765906976,0.0040031752953465505
2025-10-05 16:13:15.695209980,4.180454283538526,0.8237066228136507,9.290490272360223,0.0033345682854257763
2025-10-05 16:13:15.820300102,4.161872432208477,0.8200452996734907,6.70871886227706,0.0017186316552698644
2025-10-05 16:13:15.945290089,4.145633197350046,0.8168455600291683,5.419589916930523,0.001153200289700007
2025-10-05 16:13:16.070280075,4.155369598849223,0.8187639970824869,9.188497770011104,0.0025702974600365636
2025-10-05 16:13:16.195179939,4.199394009760005,0.8274384607587135,13.07928563980954,0.005205288679705378
2025-10-05 16:13:16.320169926,4.26423969859049,0.8402154987856363,14.705244129395368,0.00696051561861899
2025-10-05 16:13:16.445159912,4.3336915054413545,0.853900115190772,14.47037676959325,0.006470027622216601
2025-10-05 16:13:16.570250034,4.404841421485685,0.8679193229331283,13.92006583208639,0.0052334289956684765
2025-10-05 16:13:16.695149899,4.484151020352991,0.8835462948861377,13.169678648724048,0.005753788993921205
2025-10-05 16:13:16.820139885,4.575713350604044,0.9015875154599466,10.879265667208058,0.008780826115152185
2025-10-05 16:13:16.945130110,4.666628124218764,0.9195011430369623,7.4269414723666705,0.012367248366695116
2025-10-05 16:13:17.070120096,4.725211809700229,0.9310443310368723,6.601109374467523,0.012828385349444416
2025-10-05 16:13:17.195110083,4.727260420002245,0.9314479842666132,8.928715191383304,0.008820009566713138
2025-10-05 16:13:17.320110083,4.687671246599757,0.9236474290849059,10.498425467824925,0.0052537025426017125
2025-10-05 16:13:17.444999933,4.641863619408782,0.9146216047764896,10.524864400413955,0.004411202459736363
2025-10-05 16:13:17.569989920,4.600912415769278,0.906552678444039,10.200831248705665,0.004921977691033308
2025-10-05 16:13:17.694979906,4.557514190006053,0.8980015967780359,10.648840222727827,0.005942404350889219
2025-10-05 16:13:17.820080042,4.504171473296287,0.887491076616214,11.73343061668662,0.0069693881208849895
2025-10-05 16:13:17.945070028,4.436139711814381,0.874086262523404,12.69357261594623,0.0073790502085540055
2025-10-05 16:13:18.070060015,4.354522314457503,0.8580045675257092,12.763286574933785,0.006920271693028002
2025-10-05 16:13:18.195050001,4.266726145629997,0.8407054223094461,11.64868001089896,0.005761914781220456
2025-10-05 16:13:18.320050001,4.185236919210177,0.8246489818038581,9.663687721943157,0.004118672271337331
2025-10-05 16:13:18.445039988,4.122974769863175,0.8123809981615809,7.35756463824763,0.0024281322930033156
2025-10-05 16:13:18.570130110,4.0849478676316835,0.8048882691209817,5.662827639324457,0.001397082842094055
2025-10-05 16:13:18.695019960,4.067437794935102,0.8014381266561024,6.319685494635711,0.0013356112210305415
2025-10-05 16:13:18.820019960,4.059436890983879,0.7998616478511388,8.039052780594862,0.0014626606750730575
2025-10-05 16:13:18.945009947,4.050741057254069,0.7981482417597635,7.7328445853851235,0.0011738223316823948
2025-10-05 16:13:19.069999933,4.044865507332876,0.7969905375834933,5.2062149646728955,0.000842790577396002
2025-10-05 16:13:19.194989920,4.056006785374115,0.799185788120095,6.586970996521083,0.0008473641644850538
2025-10-05 16:13:19.319989920,4.092744602649377,0.8064245189720293,11.835607832708005,0.001258623975288642
2025-10-05 16:13:19.444979906,4.151387559854474,0.8179793857293158,15.603404436971147,0.0019946713148092376
2025-10-05 16:13:19.569969893,4.221188650072165,0.8317328240860817,16.22704361469541,0.002717039691672807
2025-10-05 16:13:19.694960117,4.290353231552299,0.8453608462973659,14.251438726203052,0.002845638852102317
2025-10-05 16:13:19.819950104,4.352586979187247,0.8576232337348454,10.953887764446693,0.0023877170077535315
2025-10-05 16:13:19.944950104,4.411689664837449,0.8692686842754352,7.641354081249016,0.003427307742129071
2025-10-05 16:13:20.069839954,4.474982606661199,0.88173977277959,6.449054062745558,0.008663646976524886
2025-10-05 16:13:20.194829941,4.528308624973907,0.892247002729556,8.075410402846348,0.012524896809002373
2025-10-05 16:13:20.319819927,4.54549587186521,0.8956335363768791,9.952587246002016,0.007355529450604581
2025-10-05 16:13:20.444920063,4.528387095074281,0.892262464288752,12.306292431139283,0.005347774836306218
2025-10-05 16:13:20.569809914,4.494539595615471,0.8855932346838048,17.71641760398425,0.014103634623607197
2025-10-05 16:13:20.694799900,4.441784213791924,0.8751984415704744,24.028099808516778,0.020637643159285735
2025-10-05 16:13:20.819689989,4.359777749643023,0.859040085791063,26.971100620193056,0.016579862954012148
2025-10-05 16:13:20.944689989,4.252510046731982,0.8379043164920762,22.682986887324603,0.008109381316821818
2025-10-05 16:13:21.069679976,4.145668562676994,0.8168525283278385,12.967378411174519,0.0030054444323468488
2025-10-05 16:13:21.194669962,4.070516846166414,0.8020448154796594,9.313021775791137,0.0018466977897191317
2025-10-05 16:13:21.319659948,4.051150122173732,0.7982288429242862,18.395080957282953,0.004609434890798347
2025-10-05 16:13:21.444659948,4.090964661265873,0.8060738036175794,23.836589500598656,0.011502240740948633
2025-10-05 16:13:21.569849968,4.16694549368089,0.8210448834625594,22.670510270219705,0.018716667735113823
2025-10-05 16:13:21.694839954,4.234084661565715,0.8342738230672085,16.852913458958664,0.01636600494430296
2025-10-05 16:13:21.819730043,4.253935658187546,0.8381852155326734,11.073973006860996,0.0075732040031858405
2025-10-05 16:13:21.944730043,4.225839560920374,0.8326492283349862,9.316320850545296,0.0035077722719745186
2025-10-05 16:13:22.069619894,4.182887903151979,0.8241861373489259,9.77044845918999,0.003244075135706015
2025-10-05 16:13:22.194610119,4.1538848273544895,0.8184714412905499,9.774055397039348,0.003520870105638285
2025-10-05 16:13:22.319499969,4.143331185768589,0.8163919772228914,8.871252619144546,0.0032488260481587927
2025-10-05 16:13:22.444489956,4.147269064637337,0.8171678873714124,7.553779651030736,0.0024690654300577597
2025-10-05 16:13:22.569489956,4.160725307645445,0.8198192730180907,7.045849677171663,0.001719398209823586
2025-10-05 16:13:22.694479942,4.185023773543601,0.8246069840961271,7.05901387552263,0.001339683959617255
2025-10-05 16:13:22.819570065,4.2193322019342085,0.831367034025378,6.49316673949961,0.0015511077868766154
2025-10-05 16:13:22.944560051,4.256949698158684,0.8387790946944258,6.599915369324215,0.002381531114938884
2025-10-05 16:13:23.069560051,4.2790104449287325,0.8431258909960283,9.925261828870713,0.002436618862895923
2025-10-05 16:13:23.194550037,4.270850518905849,0.8415180788658526,14.638340678503793,0.001379375867697319
2025-10-05 16:13:23.319540024,4.236649974596279,0.8347792861555591,17.928460977069314,0.0011963137201886909
2025-10-05 16:13:23.444530010,4.192233838515744,0.8260276378972838,18.509660275661865,0.0021017326916724643
2025-10-05 16:13:23.569530010,4.1463448136941405,0.8169857751961758,16.176945788726282,0.0029150596315704602
2025-10-05 16:13:23.694519997,4.102717364285658,0.8083895278563252,12.846081434915979,0.003025751246044872
2025-10-05 16:13:23.819509983,4.066819396094452,0.8013162788410002,13.180689888963443,0.002472028704943896
2025-10-05 16:13:23.944499969,4.04802407235022,0.7976128936115495,17.3606925248996,0.001582174273182746
2025-10-05 16:13:24.069499969,4.057611337592939,0.7995019452168249,21.097155605043067,0.0010297841122528517
2025-10-05 16:13:24.194489956,4.104925294038681,0.808824573006187,22.310781494357453,0.002679632973819901
2025-10-05 16:13:24.319580078,4.203674322229448,0.8282818431974774,25.756291326095166,0.02614656391921444
2025-10-05 16:13:24.444469929,4.320675801107539,0.8513355322212692,43.71908793111168,0.11514260188565839
2025-10-05 16:13:24.569560051,4.291443669729272,0.8455757036040654,69.05939537633151,0.078495723368744
2025-10-05 16:13:24.694560051,4.062219003559169,0.8004098285985525,85.34993661983603,0.01727516397192974
2025-10-05 16:13:24.819550037,3.772125500932889,0.7432505049601138,78.3118472476011,0.0033838451162475636
2025-10-05 16:13:24.944540024,3.5431803864553433,0.6981397121454253,46.91046094906871,0.0007466266029212409
2025-10-05 16:13:25.069430113,3.4101974586078243,0.6719370769867332,6.6179091377155554,0.0001504484764240921
2025-10-05 16:13:25.194430113,3.374842985974861,0.6649709170245183,50.06891334558351,0.0001068625841290638
2025-10-05 16:13:25.319420099,3.4393160434787173,0.67767453267416,80.2567269759202,0.0006611581777832276
2025-10-05 16:13:25.444410086,3.6237408590467926,0.7140131532381492,84.32697244202467,0.004160130667105633
2025-10-05 16:13:25.569400072,3.9424568997230973,0.7768121926956029,66.27270451916021,0.029061190941147896
2025-10-05 16:13:25.694499969,4.3377650463699755,0.8547027558641601,38.52740363394484,0.1380074513998043
2025-10-05 16:13:25.819489956,4.600208091747863,0.9064139001386929,16.113345089997143,0.09025199594004896
2025-10-05 16:13:25.944479942,4.605485314543599,0.9074537113821809,11.093473226192327,0.01792164003959762
2025-10-05 16:13:26.069370031,4.512926982041225,0.889216240928549,13.650565236728884,0.010251179328157667
2025-10-05 16:13:26.194370031,4.40614037249455,0.8681752651049937,13.651991607780012,0.004692425968325975
2025-10-05 16:13:26.319459915,4.306342509378688,0.8485113350113473,10.26916971059876,0.001804479081447763
2025-10-05 16:13:26.444449902,4.239274284038487,0.8352963737544765,4.695397133598073,0.0007186741129170393
2025-10-05 16:13:26.569339991,4.214868579602825,0.830487532653822,3.6518777380245098,0.000419913388296278
2025-10-05 16:13:26.694339991,4.229634466959493,0.8333969674622115,8.136307822937564,0.000827811382615451
2025-10-05 16:13:26.819329977,4.271977046411895,0.8417400471268538,10.238582865559323,0.0027227158590963363
2025-10-05 16:13:26.944319963,4.325474854402522,0.8522811261003552,9.239817699792082,0.005722622599410365
2025-10-05 16:13:27.069309950,4.371870182362135,0.8614227495498519,6.194817738270997,0.005574057145224853
2025-10-05 16:13:27.194299936,4.395953549891436,0.8661680781644131,4.471133197438988,0.0027480826398394997
2025-10-05 16:13:27.319299936,4.401485112404618,0.8672580038919968,5.695138019295318,0.0025038024154416805
2025-10-05 16:13:27.444289923,4.403361693630115,0.8676277609276799,6.1465503201727705,0.0033139479785788684
2025-10-05 16:13:27.569279909,4.409849648544461,0.868906131905807,5.302647679485124,0.0033896411846711105
2025-10-05 16:13:27.694269896,4.425410138281114,0.871972133249435,5.791873145761744,0.003285085389392428
2025-10-05 16:13:27.819269896,4.453658545318177,0.8775381311965934,7.108845420727266,0.004110157916015544
2025-10-05 16:13:27.944259882,4.496794916210069,0.8860376176107162,6.734400211928379,0.0064858575778306005
2025-10-05 16:13:28.069149971,4.541714599282021,0.8948884835529072,8.404813174863614,0.00777101021266613
2025-10-05 16:13:28.194139957,4.55486757796861,0.897480114729579,14.80679467217095,0.004649176839998548
2025-10-05 16:13:28.319240093,4.525635597773116,0.8917203159010639,19.70829083689466,0.0016193183524074728
2025-10-05 16:13:28.444230080,4.481422496420277,0.8830086731155248,18.813698372892343,0.0005961767721258671
2025-10-05 16:13:28.569220066,4.445675117815087,0.8759650959087917,11.497042990931536,0.00040690659457476297
2025-10-05 16:13:28.694210052,4.4258810172096785,0.8720649140970882,3.9190533852600162,0.0005113799331402102
2025-10-05 16:13:28.819210052,4.4214055257639,0.871183074063877,13.078456735333951,0.0008141824662257768
2025-10-05 16:13:28.944200039,4.430752785468932,0.873024835557242,20.013041367998646,0.0011990731407426347
2025-10-05 16:13:29.069190025,4.453718337144946,0.8775499124338368,21.256412738658703,0.0015109846738857735
2025-10-05 16:13:29.194180012,4.492548475509049,0.8852009091834554,17.852091877397815,0.002084545353056688
2025-10-05 16:13:29.319180012,4.546731252551048,0.8958769528057174,12.287498129815198,0.0035589380194825937
2025-10-05 16:13:29.444169998,4.605227456789909,0.9074029037127144,7.193478304571995,0.005294652337171968
2025-10-05 16:13:29.569259882,4.649927054675746,0.9162104046009922,4.558327557237083,0.008303426722200857
2025-10-05 16:13:29.694250107,4.671461127128701,0.9204534262662439,4.2171296166901255,0.00947988651646925
2025-10-05 16:13:29.819240093,4.666733188004168,0.9195218445516745,3.8964804880662505,0.005114790970402905
2025-10-05 16:13:29.944240093,4.639594723734051,0.9141745470485513,3.9541237417297657,0.003819596928410496
2025-10-05 16:13:30.069230080,4.598879709818297,0.906152158969242,5.087890514695456,0.007394118576975917
2025-10-05 16:13:30.194119930,4.548871417937687,0.8962986458283713,5.963576261227736,0.00992893741339429
2025-10-05 16:13:30.319109917,4.49527655485768,0.8857384433542935,5.57502411153674,0.00781640339226164
2025-10-05 16:13:30.444010019,4.454185861656516,0.877642032335261,4.593937604823449,0.0049571129975188866
2025-10-05 16:13:30.569000006,4.442104221640633,0.8752614951446689,4.6947171162105175,0.005307782759132573
2025-10-05 16:13:30.693890095,4.456209618334412,0.8780407884668878,5.487433712586787,0.0071868981777596375
2025-10-05 16:13:30.818880081,4.478030955996989,0.8823404121757501,4.94274594922893,0.005629294665753792
2025-10-05 16:13:30.943880081,4.493874976853652,0.8854622798069838,2.82974277231889,0.0017313777277615516
2025-10-05 16:13:31.068870068,4.500793644987719,0.8868255174784305,2.9107547900690625,0.0016639219754802648
2025-10-05 16:13:31.193860054,4.494924272648985,0.8856690305180991,6.006439369778904,0.00652980337486031
2025-10-05 16:13:31.318949938,4.467585418818314,0.8802822487395894,7.910749940948268,0.008894383637730985
2025-10-05 16:13:31.443850040,4.415563200479038,0.8700319163897644,7.741587425658253,0.0062135204983810866
2025-10-05 16:13:31.568939924,4.352958566355261,0.8576964503736328,6.349533131597079,0.0035044463118883984
2025-10-05 16:13:31.693830013,4.301379457610056,0.8475334272688118,5.259762735017713,0.0026358016689214114
2025-10-05 16:13:31.818820000,4.270415888045365,0.8414324402500519,5.4593680776834415,0.0031501496233009574
2025-10-05 16:13:31.943820000,4.252997775807231,0.8380004174519654,6.938554041452152,0.004882187330968346
2025-10-05 16:13:32.068909883,4.232876571148025,0.834035783846943,8.544329367248377,0.006195485040753623
2025-10-05 16:13:32.193900108,4.205784467683509,0.828697621165067,8.72309673501991,0.004820593692251851
2025-10-05 16:13:32.318789959,4.184641336396654,0.8245316296036762,6.937685690317988,0.0026615096067317268
2025-10-05 16:13:32.443779945,4.188639702187408,0.8253194579493286,5.315872697712859,0.002162879769686432
2025-10-05 16:13:32.568979979,4.225761522333398,0.8326338518001489,8.16462626520443,0.0035277569516873886
2025-10-05 16:13:32.694070101,4.291011626083994,0.8454905747669049,12.12531136607881,0.006006112636237626
2025-10-05 16:13:32.818959951,4.374012505030256,0.8618448676380425,14.145890978882242,0.008611667098905262
2025-10-05 16:13:32.944050074,4.463732086176651,0.8795229973756071,13.923678717871868,0.01093519442022406
2025-10-05 16:13:33.068949938,4.551798528271403,0.896875396584164,12.094056449051699,0.01421377547381919
2025-10-05 16:13:33.193939924,4.627850621914114,0.9118605175694651,9.30269840694962,0.0187889832501118
2025-10-05 16:13:33.318830013,4.67557729206179,0.9212644654706027,6.2151790559657245,0.018131605364018033
2025-10-05 16:13:33.443720102,4.691112123843852,0.9243254112327817,3.5026684280395424,0.00887137739140409
2025-10-05 16:13:33.568820000,4.7023600823288705,0.9265416818265604,2.0867073965311955,0.0035499179580883444
2025-10-05 16:13:33.693710089,4.743732730951585,0.9346936486613767,2.2990790688562672,0.0066900260848551385
2025-10-05 16:13:33.818799973,4.810636064594589,0.9478761200561857,2.7139656150870817,0.012618003972435177
2025-10-05 16:13:33.943690062,4.874343145741834,0.9604288095731477,2.6733441935093207,0.015256810864504033
2025-10-05 16:13:34.068789959,4.914860054045519,0.9684121634007679,2.198669967102384,0.012034377424318898
2025-10-05 16:13:34.193579912,4.928080322041731,0.9710170531006102,1.5204506908347935,0.006334689492839329
2025-10-05 16:13:34.318670034,4.922511222942505,0.9699197312547043,1.7705170465815911,0.007819420998920745
2025-10-05 16:13:34.443660021,4.904116971480251,0.9662953723397364,3.247259311549818,0.018365653401014925
2025-10-05 16:13:34.568749905,4.858330810602779,0.9572737777019255,4.552579670843115,0.018859570117063185
2025-10-05 16:13:34.693650007,4.780005390069649,0.9418407258726411,4.751889381241845,0.009367940006808406
2025-10-05 16:13:34.818739891,4.700627673240293,0.9262003321207871,3.4937267857010514,0.0032068556404523108
2025-10-05 16:13:34.943629980,4.650552867967022,0.9163337133415516,1.6075913851961883,0.0015389935991518833
2025-10-05 16:13:35.068720102,4.639074880304642,0.914072118353824,2.504175539057316,0.002797707927863713
2025-10-05 16:13:35.193720102,4.6652453190206735,0.9192286784380277,4.150834820686918,0.007454031449695697
2025-10-05 16:13:35.318809986,4.721698537064614,0.9303520842757723,4.615202655099882,0.016256295427161782
2025-10-05 16:13:35.443700075,4.7830438371870745,0.9424394141595931,4.009852597414149,0.022343330539080886
2025-10-05 16:13:35.568690062,4.809297743438323,0.9476124204854935,3.2254744037685374,0.017062163878744485
2025-10-05 16:13:35.693589926,4.788504815564436,0.9435154321594041,2.732082822044017,0.008985547444752218
2025-10-05 16:13:35.818680048,4.750422716064822,0.9360118271823086,2.114456264788657,0.00441325650775537
2025-10-05 16:13:35.943670034,4.724879938777022,0.9309789399911093,1.6377087907100583,0.0031909370820343286
2025-10-05 16:13:36.068660021,4.723409638616862,0.9306892355960112,2.646417584246296,0.008609499301271306
2025-10-05 16:13:36.193559885,4.7337786990064785,0.932732330230227,4.662015019465081,0.02558649440168892
2025-10-05 16:13:36.318449974,4.715446330052944,0.9291201644954284,6.649601688467663,0.03483017382307352
2025-10-05 16:13:36.443439960,4.637148687568141,0.9136925859857462,7.757783909282856,0.02047671628058867
2025-10-05 16:13:36.568429947,4.52299134631161,0.8911992989747926,7.36818001447983,0.007502483499180368
2025-10-05 16:13:36.693330050,4.425471157432282,0.8719841563157161,5.660432693542607,0.0033091546648542636
2025-10-05 16:13:36.818419933,4.374551871749629,0.8619511431547063,3.9866149303330016,0.0030188214767459254
2025-10-05 16:13:36.943409920,4.376057265236013,0.8622477622541085,4.0744398591147455,0.004352973910742408
2025-10-05 16:13:37.068399906,4.417531023045629,0.8704196513990924,5.155771917104557,0.006314578996778564
2025-10-05 16:13:37.193289995,4.46745060181456,0.8802556847225405,7.848899191166046,0.006955253854905474
2025-10-05 16:13:37.318389893,4.485681277539586,0.8838478130690226,13.837173643446915,0.00596357838542072
2025-10-05 16:13:37.443279982,4.4526674657894585,0.8773428512781513,21.099041583865652,0.0048783960659086745
2025-10-05 16:13:37.568370104,4.3851332995487144,0.8640360821507509,26.045242503247383,0.0034281966402439634
2025-10-05 16:13:37.693360090,4.3129461207212225,0.8498124946529568,25.87614231894938,0.002069176042955867
2025-10-05 16:13:37.818459988,4.2549755921249535,0.8383901216058973,19.662885258423014,0.001232833465302563
2025-10-05 16:13:37.943249941,4.216972368476691,0.830902058136191,9.763779990296998,0.0009181439176698669
2025-10-05 16:13:38.068439960,4.200834849515092,0.8277223603466964,8.961566920360749,0.0011499538762770323
2025-10-05 16:13:38.193229914,4.20816822409882,0.8291673107761214,16.82635733551965,0.002300344875970972
2025-10-05 16:13:38.318330050,4.240495020236471,0.8355369046687715,20.194038141170576,0.004695153943340413
2025-10-05 16:13:38.443320036,4.2913751363276775,0.8455621999480155,18.06101319970029,0.007036347760211115
2025-10-05 16:13:38.568409920,4.33965439998712,0.8550750295410682,13.345455549000942,0.006552860482597511
2025-10-05 16:13:38.693399906,4.360487337765553,0.8591799013221884,9.786574158007948,0.004079934914114958
2025-10-05 16:13:38.818500042,4.350024243880352,0.8571182785549454,8.368571017971348,0.002568794757928594
2025-10-05 16:13:38.943289995,4.320496565798523,0.8513002161285518,7.116467143376271,0.001958688104885198
2025-10-05 16:13:39.068380117,4.286738152291513,0.844648539804545,6.643569989526864,0.0015674752030930827
2025-10-05 16:13:39.193370104,4.264488575091143,0.8402645368106799,8.257060073578126,0.0015633381134426694
2025-10-05 16:13:39.318360090,4.266882225798669,0.8407361759691935,10.081880670242185,0.0023746054576962994
2025-10-05 16:13:39.443360090,4.2995110209487795,0.8471652750184063,10.310672287600017,0.0035521515681357085
2025-10-05 16:13:39.568350077,4.352209317147234,0.8575488201179404,8.970864001433585,0.0037116649479607133
2025-10-05 16:13:39.693239927,4.407203487125955,0.8683847386462178,7.0938034200788245,0.0026140813923672956
2025-10-05 16:13:39.818330050,4.455424980249625,0.8778861852723269,6.248956004033394,0.0018593953042603806
2025-10-05 16:13:39.943330050,4.497140947703786,0.886105798821117,6.99843914355001,0.002653538324992488
2025-10-05 16:13:40.068419933,4.531938049876786,0.8929621358530727,7.952279140966066,0.004910240383284026
2025-10-05 16:13:40.193310022,4.552369059480671,0.8969878126767036,8.579405990012829,0.007345893399387959
2025-10-05 16:13:40.318500042,4.550028915205112,0.8965267162964112,8.122296799796842,0.0067942624643759775
2025-10-05 16:13:40.443399906,4.526866569303161,0.891962863560486,5.6155557720024465,0.002745367333697457
2025-10-05 16:13:40.568389893,4.496638267484166,0.8860067519238244,5.009800902211884,0.0017507117004954553
2025-10-05 16:13:40.693380117,4.469269343835584,0.8806140452609647,12.414013703695595,0.011321997068598821
2025-10-05 16:13:40.818470001,4.435729911766008,0.8740055165108945,20.706865498275157,0.022395244069977394
2025-10-05 16:13:40.943470001,4.3740597280332025,0.8618541723445738,25.376415236330722,0.017065884916326768
2025-10-05 16:13:41.068559885,4.288148905913016,0.8449265112933773,23.87736486327059,0.00650142302514034
2025-10-05 16:13:41.193550110,4.2189288165464385,0.8312875519421125,16.1344645831762,0.001704912638244127
2025-10-05 16:13:41.318439960,4.202207701397867,0.8279928637684029,7.224836674465587,0.0010004445531639483
2025-10-05 16:13:41.443340063,4.23796201040911,0.8350378065256185,11.080662913330002,0.0017532285808915526
2025-10-05 16:13:41.568429947,4.30337279300696,0.8479261892646514,16.533623533535625,0.002577804066374867
2025-10-05 16:13:41.693219900,4.373480895191694,0.8617401205184528,15.903092173996383,0.0027381373079357063
2025-10-05 16:13:41.818310022,4.425869111926964,0.8720625683089147,11.014031683818283,0.002921645397469752
2025-10-05 16:13:41.943099976,4.437418370537668,0.8743382063522931,9.37995626282303,0.004099068202166767
2025-10-05 16:13:42.068200111,4.394520014177717,0.8658856177471135,11.69078173687688,0.004069794593191567
2025-10-05 16:13:42.192990065,4.310538446512771,0.8493380923376657,10.599617854444329,0.002579626780942479
2025-10-05 16:13:42.318079948,4.222934565277653,0.8320768350045349,6.407026813827692,0.001398341172666795
2025-10-05 16:13:42.442869902,4.165273726676846,0.8207154825267675,7.9602791777067115,0.0009017309510929161
2025-10-05 16:13:42.567970037,4.151926265783267,0.8180855310453986,14.380984158713618,0.0009716476078741598
2025-10-05 16:13:42.692859888,4.185213361361381,0.8246443400221865,18.560967271196265,0.001884924445939573
2025-10-05 16:13:42.817950010,4.267114242323561,0.8407818919453034,18.7405827625942,0.004654956237239105
2025-10-05 16:13:42.942840099,4.39339772895375,0.8656644853751349,15.412464901313257,0.010711921577092443
2025-10-05 16:13:43.067939997,4.532955567325871,0.893162625035538,10.302639259608434,0.015912355744779227
2025-10-05 16:13:43.193030119,4.631540103917704,0.9125874841991627,7.031520994612688,0.011360497499625088
2025-10-05 16:13:43.318020105,4.6612877879392105,0.9184488960649425,9.072841459642177,0.004553764287128614
2025-10-05 16:13:43.443010092,4.63840554781599,0.9139402346956438,12.640597159495394,0.003399699703689918
2025-10-05 16:13:43.568109989,4.593346623250442,0.9050619329456038,15.207256671260238,0.004256351558546867
2025-10-05 16:13:43.693000078,4.542152458788783,0.8949747583333781,16.314350070257476,0.004539171922258722
2025-10-05 16:13:43.817889929,4.491768903615412,0.8850473042189718,15.378173372090425,0.003692965681119209
2025-10-05 16:13:43.942679882,4.452875527455028,0.8773838472465937,12.608939061277717,0.00273439701178968
2025-10-05 16:13:44.067879915,4.434509088523381,0.8737649684455332,9.503566010532415,0.0022925346714023354
2025-10-05 16:13:44.192770004,4.43651685812091,0.874160574521428,8.455564515044339,0.002441789323659793
2025-10-05 16:13:44.317960024,4.452928456989331,0.8773942763542912,10.617464069895172,0.0033674896944078103
2025-10-05 16:13:44.442749977,4.478158487888475,0.8823655407518598,13.676527113944502,0.0052855748390712165
2025-10-05 16:13:44.567939997,4.508444871019004,0.8883330965899714,15.935691331081212,0.008324385801283363
2025-10-05 16:13:44.692840099,4.5380371808078515,0.8941638938919321,16.466114742678158,0.011427933805189472
2025-10-05 16:13:44.817929983,4.559082830773045,0.8983106779689665,14.975728671878809,0.011988427894179532
2025-10-05 16:13:44.942820072,4.5630207404359915,0.8990865941851021,12.398397539356893,0.009545929993593605
2025-10-05 16:13:45.067909956,4.547524249254604,0.8960332029623477,10.527980013811291,0.007306434150761376
2025-10-05 16:13:45.192810059,4.519399754619522,0.8904916204158225,10.049957893895675,0.006759891445611399
2025-10-05 16:13:45.317899942,4.4888053582163465,0.8844633743858358,10.095703833183103,0.006878941176512554
2025-10-05 16:13:45.442790031,4.461390486543341,0.879061614235136,10.058239379206533,0.006877525916013427
2025-10-05 16:13:45.567879915,4.442868356747758,0.8754120584819938,9.905854915674313,0.006734906285190467
2025-10-05 16:13:45.692780018,4.440248683691818,0.874895884425437,9.502594710718018,0.006332516110725606
2025-10-05 16:13:45.817970037,4.456070366218572,0.8780133505660573,8.654752043566354,0.005393333609595041
2025-10-05 16:13:45.942759991,4.484574531129614,0.8836297424274518,7.484056727609766,0.0039931669421297
2025-10-05 16:13:46.067749977,4.518078193338781,0.8902312231705548,6.192847203084298,0.0025512145697981214
2025-10-05 16:13:46.192850113,4.547095599011658,0.895948742752993,4.395260883764239,0.0013466686835206243
2025-10-05 16:13:46.317939997,4.561680981279995,0.8988226112744133,4.880819440974846,0.002928015791673677
2025-10-05 16:13:46.442729950,4.550251332457388,0.8965705408550123,8.836522546160227,0.006340456425737662
2025-10-05 16:13:46.567919970,4.50489926821167,0.8876344795698622,12.473573533808944,0.006141867779712928
2025-10-05 16:13:46.692810059,4.434175964173693,0.8736993304276415,13.286758891540668,0.0033705373129189198
2025-10-05 16:13:46.817810059,4.366027564442362,0.8602715342156627,10.451112133089904,0.0017220924314229613
2025-10-05 16:13:46.942800045,4.324899646023113,0.8521677884294989,6.180019253693634,0.0014810000512387456
2025-10-05 16:13:47.067790031,4.317128563799291,0.8506365931430449,7.297792781212621,0.002031866532227977
2025-10-05 16:13:47.192879915,4.337126035829092,0.8545768467693888,10.785172631530289,0.0029244072087145634
2025-10-05 16:13:47.317780018,4.37601918605364,0.862240259223915,11.61392805272372,0.0037760053344761957
2025-10-05 16:13:47.442670107,4.422935911535697,0.87148461758288,9.892553081070375,0.004171988723093878
2025-10-05 16:13:47.567660093,4.462661082940204,0.8793119694826841,7.2405119923393535,0.0037741869957692575
2025-10-05 16:13:47.692549944,4.48141838979144,0.8830078639552897,5.559409869936556,0.003094753754738555
2025-10-05 16:13:47.817749977,4.477293231394297,0.882195052700479,5.3249861809505195,0.0029872066353322513
2025-10-05 16:13:47.942640066,4.458257290190584,0.8784442567875246,5.826852280645614,0.0035758483930908858
2025-10-05 16:13:48.067630053,4.435175794121065,0.8738963345074566,6.270428189306293,0.004040319196927711
2025-10-05 16:13:48.192519903,4.4179289578560015,0.8704980595137422,6.283559953064424,0.003865890408813799
2025-10-05 16:13:48.317719936,4.417476376258281,0.8704088839279993,6.5618383082336775,0.004303054063792944
2025-10-05 16:13:48.442610025,4.442345368990487,0.875309010236493,7.36047365791883,0.006673621552960363
2025-10-05 16:13:48.567699909,4.491378935309077,0.884970465805051,8.13434461189425,0.009745163073538121
2025-10-05 16:13:48.692589998,4.5487643170172465,0.8962775429214876,8.348881365046157,0.010081768144629799
2025-10-05 16:13:48.817589998,4.59582401953116,0.9055500731297453,7.587833013275726,0.007392043511343038
2025-10-05 16:13:48.942280054,4.625496847302918,0.9113967355007345,5.904796704756483,0.0042658835705216
2025-10-05 16:13:49.067470074,4.638398823350315,0.9139389097231563,5.004556783551467,0.003194392638741994
2025-10-05 16:13:49.192460060,4.635142263943093,0.9132972451170207,7.42049173788887,0.007036540805053004
2025-10-05 16:13:49.317549944,4.610759774683423,0.9084929782786155,11.607238340454115,0.016702923257773117
2025-10-05 16:13:49.442450047,4.548401759147953,0.8962061053939284,15.346362743932389,0.022055114894546035
2025-10-05 16:13:49.567640066,4.429028989020403,0.8726851828652781,16.63062129765307,0.01494678969546126
2025-10-05 16:13:49.692529917,4.263548906724609,0.8400793868235578,13.983705181926284,0.005813257052633913
2025-10-05 16:13:49.817620039,4.111799706790701,0.8101790907039623,7.956869646776356,0.0014239396902175905
2025-10-05 16:13:49.942620039,4.051582783366602,0.7983140934415336,6.986870508036412,0.0025933970918425864
2025-10-05 16:13:50.067709923,4.10025770402869,0.8079048823354988,14.014807792886172,0.009558643048806159
2025-10-05 16:13:50.192600012,4.1971300805681295,0.8269923816145707,18.20912947827647,0.01909502822193221
2025-10-05 16:13:50.317589998,4.274897529044835,0.842315491976481,16.94602722063702,0.01957331681103447
2025-10-05 16:13:50.442490101,4.311574639048596,0.8495422612141511,10.988586783207976,0.008711673107254403
2025-10-05 16:13:50.567579985,4.326272471220515,0.8524382865931839,4.940446034055833,0.001309133025547582
2025-10-05 16:13:50.692470074,4.34873242614092,0.8568637419052735,8.778039998412346,0.003357762908974382
2025-10-05 16:13:50.817559958,4.393672405888683,0.8657186070554818,13.16358148393719,0.010783798335280093
2025-10-05 16:13:50.942460060,4.454666735956133,0.8777367826467033,13.883256920632565,0.01674213822167292
2025-10-05 16:13:51.067549944,4.513198711238529,0.8892697817937875,11.462661959492088,0.015330233681491556
2025-10-05 16:13:51.192539930,4.550974381284385,0.8967130086508592,7.6150185083629305,0.008456202981282912
2025-10-05 16:13:51.317529917,4.562809301306178,0.8990449327292561,4.631158232346418,0.0045332141445041385
2025-10-05 16:13:51.442430019,4.555273209757468,0.8975600394382935,4.224407180783831,0.0035513246247188546
2025-10-05 16:13:51.567620039,4.5245305882772815,0.8915025874968628,5.700136035194863,0.002716400993985957
2025-10-05 16:13:51.692509890,4.469364094995007,0.8806327148007426,7.280298875510812,0.003359698964881641
2025-10-05 16:13:51.817600012,4.405449465794893,0.8680391305163452,7.726151775048559,0.004229372856825564
2025-10-05 16:13:51.942490101,4.3502587097965595,0.8571644771532089,6.751630874645697,0.003883301967965047
2025-10-05 16:13:52.067589998,4.31378549186933,0.8499778823182202,4.829854442889245,0.002446666565468658
2025-10-05 16:13:52.192480087,4.300631695337961,0.8473860899953866,3.420147216840235,0.0012448662016588674
2025-10-05 16:13:52.317569971,4.31020977826036,0.849273332338427,4.397233119992615,0.0021160160386789473
2025-10-05 16:13:52.442559958,4.3300652857590745,0.8531856136161865,6.604810127152708,0.004819882787777341
2025-10-05 16:13:52.567559958,4.337249942447232,0.8546012610303877,8.44770539651952,0.005874957819510307
2025-10-05 16:13:52.692450047,4.3171005867793495,0.850631080618556,8.944807163798389,0.004322148727636477
2025-10-05 16:13:52.817539930,4.27390299312606,0.8421195310192839,7.715957924810179,0.0025101740627393454
2025-10-05 16:13:52.942430019,4.223529775345132,0.832194113759736,5.2948930903972915,0.001445376552378086
2025-10-05 16:13:53.067430019,4.182429549088707,0.8240958243705021,3.7643519734153457,0.0009718073177150677
2025-10-05 16:13:53.192320108,4.166458045122007,0.8209488377749379,4.74334445946897,0.0010037776653735175
2025-10-05 16:13:53.317409992,4.183215075722101,0.8242506026425361,5.2690994740997255,0.001875205630809118
2025-10-05 16:13:53.442300081,4.218767112856771,0.8312556902373601,7.841417872577319,0.0034241476688307015
2025-10-05 16:13:53.567399979,4.2383030265659585,0.835104999526147,15.08518000238055,0.003508993448394393
2025-10-05 16:13:53.692290068,4.219981727450083,0.8314950149654445,22.074078430160764,0.0020735617958410613
2025-10-05 16:13:53.817480087,4.1758978422990305,0.8228088326284517,23.819839046274204,0.00104513254488392
2025-10-05 16:13:53.942369938,4.130768354254804,0.8139166272208725,17.998585194662244,0.0006873630375967554
2025-10-05 16:13:54.067359924,4.101914140689466,0.8082312626174519,7.5162475465298515,0.0006873648141642041
2025-10-05 16:13:54.192260027,4.098474025674613,0.8075534306573864,12.220162205701735,0.0009484326753371741
2025-10-05 16:13:54.317349911,4.124302749449557,0.8126426600543019,23.12170957943752,0.0015653598419635983
2025-10-05 16:13:54.442240000,4.179663980064819,0.82355090332453,27.759555204844155,0.002831739400827482
2025-10-05 16:13:54.567329884,4.260001587519877,0.8393804316086478,25.344865723692106,0.00503301995069072
2025-10-05 16:13:54.692229986,4.350268475336054,0.8571664013315425,18.571412759900603,0.00730908189774282
2025-10-05 16:13:54.817219973,4.423846021696644,0.8716639434925099,11.268923070861696,0.006949646263995968
2025-10-05 16:13:54.942110062,4.458697835919325,0.8785310608546913,6.127968935919307,0.004164392193209077
2025-10-05 16:13:55.067199945,4.457607900957596,0.878316302700309,4.5727118136284295,0.003922050509936992
2025-10-05 16:13:55.192100048,4.43750328908154,0.874354938497233,7.346686848318838,0.008259090745523667
2025-10-05 16:13:55.317189932,4.399007955634161,0.8667699109003791,11.334427864905667,0.009776057309038855
2025-10-05 16:13:55.442080021,4.33460712535904,0.8540805267295724,14.467155702224087,0.0059392533277173865
2025-10-05 16:13:55.567070007,4.2540719739204,0.8382120748556873,14.748541187791863,0.0023123195375464034
2025-10-05 16:13:55.692070007,4.186984311055932,0.8249932836759457,11.176543635639153,0.0010035662321237204
2025-10-05 16:13:55.816960096,4.158957375125625,0.8194709238611586,6.740387407213474,0.0016649373983046445
2025-10-05 16:13:55.941849947,4.178731342175244,0.82336713860562,10.543278865700792,0.004788017218376739
2025-10-05 16:13:56.066839933,4.236283980103114,0.8347071714839261,16.396364319784553,0.011363392790172733
2025-10-05 16:13:56.191740036,4.304999446316696,0.8482467011069952,18.183629572459154,0.018207037468192078
2025-10-05 16:13:56.316829920,4.3527967413794135,0.8576645647709444,15.378712723416319,0.016733665974994594
2025-10-05 16:13:56.441720009,4.3664907153868855,0.8603627923599912,10.33371574074021,0.008232192601314137
2025-10-05 16:13:56.566809893,4.358781576148664,0.8588438021699251,6.95856743750278,0.0026918077240317695
2025-10-05 16:13:56.691800117,4.354307351396127,0.857962211722893,7.197799957448593,0.0028573101688280644
2025-10-05 16:13:56.816800117,4.369850156129997,0.8610247284562542,8.38219766410015,0.007119029026002255
2025-10-05 16:13:56.941790104,4.40460092035037,0.8678719351698576,9.242848259176174,0.012935624016067071
2025-10-05 16:13:57.066780090,4.438775800593499,0.8746056710944378,9.854549507790399,0.01607174394966826
2025-10-05 16:13:57.191669941,4.448656217078982,0.8765524845130886,9.40103189444643,0.011870212792155832
2025-10-05 16:13:57.316669941,4.435816280064376,0.8740225343119615,7.19172570249881,0.004862106678430234
2025-10-05 16:13:57.441659927,4.423408435655956,0.871577722595134,4.85076376919728,0.002031199737006051
2025-10-05 16:13:57.566649914,4.426931779849183,0.8722719538316389,6.845797792811734,0.005380340228792191
2025-10-05 16:13:57.691639900,4.442650228343549,0.875369078987665,10.008927410344576,0.011547796246177633
2025-10-05 16:13:57.816639900,4.45741799304872,0.8782788837042728,11.014986253228873,0.014113960151638683
2025-10-05 16:13:57.941629887,4.461410785034911,0.879065613800926,9.232549244401353,0.010020136668588364
2025-10-05 16:13:58.066720009,4.45510395495645,0.8778229312233303,6.219328809740564,0.003904091922999786
2025-10-05 16:13:58.191610098,4.453440417513592,0.8774951518204132,6.395008401902535,0.002104703351659465
2025-10-05 16:13:58.316709995,4.473263504295099,0.8814010449982991,8.350088784242535,0.006812526529742069
2025-10-05 16:13:58.441699982,4.515170730793159,0.8896583437675095,8.430675631710189,0.01287255142263699
2025-10-05 16:13:58.566689968,4.5585952234737395,0.8982146010035151,7.384119382016857,0.010031481777488915
2025-10-05 16:13:58.691679955,4.586599100926076,0.9037324174314529,7.777198944073373,0.004104574762515911
2025-10-05 16:13:58.816679955,4.60188382596032,0.9067440827636558,9.479044398246323,0.0035126043425111053
2025-10-05 16:13:58.941669941,4.606703245766762,0.9076936896110068,10.668360004889504,0.004870224019430491
2025-10-05 16:13:59.066760062,4.5990620120652315,0.9061880793640051,11.456926507626424,0.006331827247916144
2025-10-05 16:13:59.191750050,4.574988665472112,0.9014447252505243,13.667455554476334,0.00904993512299579
2025-10-05 16:13:59.316740036,4.526106159575767,0.8918130342629925,17.64701735633832,0.012135062490966075
2025-10-05 16:13:59.441639900,4.441434048199646,0.8751294457872706,21.24279305420542,0.011506834211770345
2025-10-05 16:13:59.566730022,4.322367740153176,0.8516689078074527,21.611221251257277,0.007026888844041235
2025-10-05 16:13:59.691720009,4.193086168960868,0.826195579031155,16.86247245326654,0.0029180054039962267
2025-10-05 16:13:59.816709995,4.089759130768912,0.8058362687979163,7.902774388134271,0.0008825872842803673
2025-10-05 16:13:59.941610098,4.0404326968256985,0.7961171072994168,7.111959770939719,0.000392739683683363
2025-10-05 16:14:00.066699982,4.051752604415526,0.7983475545711632,16.416199386238798,0.0009313165077220464
2025-10-05 16:14:00.191689968,4.114565830185063,0.8107241209817547,21.984539854625638,0.0028067501556845453
2025-10-05 16:14:00.316580057,4.212340967378971,0.8299894980414375,22.51462739904909,0.007281104284832751
2025-10-05 16:14:00.441580057,4.3191896045484235,0.8510426956380857,19.507777015627333,0.01444687837611569
2025-10-05 16:14:00.566669941,4.3988167945913474,0.866732244989856,15.479245508568109,0.019337659974419608
2025-10-05 16:14:00.691659927,4.42773978585738,0.8724311613854318,11.821971673334993,0.016434315216561135
2025-10-05 16:14:00.816550016,4.413057582028483,0.8695382153773904,8.492747990706484,0.009369885260163469
2025-10-05 16:14:00.941550016,4.384181460549469,0.863848534091532,6.492603957054366,0.004073759643363428
2025-10-05 16:14:01.066639900,4.375635870164707,0.8621647315862639,7.226570830886875,0.00208388459482467
2025-10-05 16:14:01.191529989,4.410168968547625,0.8689690499485754,8.29375338142948,0.0034318235868487923
2025-10-05 16:14:01.316620111,4.485667869485385,0.8838451711783823,7.345256001839895,0.006811701571071582
2025-10-05 16:14:01.441420078,4.571859101509034,0.9008280835202087,4.376701586772053,0.006293059626839792
2025-10-05 16:14:01.566509962,4.625983885615318,0.9114927003543792,4.295204230566342,0.00533821450934624
2025-10-05 16:14:01.691600084,4.6230583537577346,0.910916260617714,9.196513888669553,0.008141214145931386
2025-10-05 16:14:01.816590071,4.566272833647911,0.8997273787828942,13.886167458081296,0.0071652700437029315
2025-10-05 16:14:01.941580057,4.481993340977186,0.8831211509493274,17.17719952646167,0.006294921301346901
2025-10-05 16:14:02.066580057,4.398585519518618,0.8666866751076906,19.204750108358713,0.007448890529362373
2025-10-05 16:14:02.191370010,4.325290137108795,0.8522447298506007,20.375450416365716,0.00830271463963439
2025-10-05 16:14:02.316459894,4.260299527952236,0.8394391370723828,20.5168790472163,0.0077385575272418405
2025-10-05 16:14:02.441349983,4.200710404864036,0.8276978400729903,19.127491001608934,0.005985193768255237
2025-10-05 16:14:02.566550016,4.146348011253778,0.8169864052356096,15.904531918464375,0.0038491935928651744
2025-10-05 16:14:02.691440105,4.099901887860264,0.8078347731764082,11.27168944377723,0.002140188323089154
2025-10-05 16:14:02.816629887,4.067608040062914,0.8014716713452125,7.715377432271542,0.0013402695894226824
2025-10-05 16:14:02.941519976,4.055540452707788,0.7990939030569811,9.927762984163703,0.0013465386919631062
2025-10-05 16:14:03.066620110,4.067183453815059,0.8013880118956426,15.45496199877276,0.0019662485019269482
2025-10-05 16:14:03.191410065,4.1013289567095494,0.808115959378347,20.388306527825847,0.003423844467233872
2025-10-05 16:14:03.316600084,4.151496020227016,0.8180007564993607,23.002861221773482,0.0065967520912531
2025-10-05 16:14:03.441790104,4.210611746059736,0.8296487764460422,22.535282291595262,0.012648017145855173
2025-10-05 16:14:03.566590071,4.2741495844844195,0.8421681187854052,19.38792076951497,0.02089300871828903
2025-10-05 16:14:03.691380024,4.336006089067599,0.8543561751624121,14.989077677962912,0.025536067743529234
2025-10-05 16:14:03.816469908,4.38833807773211,0.8646675439095138,10.640221442591505,0.02028945453191089
2025-10-05 16:14:03.941359997,4.429373915175129,0.8727531462823517,6.879865164743492,0.01005027700325467
2025-10-05 16:14:04.066550016,4.4613819099356835,0.8790599243210621,4.034939732443968,0.0034105884957064125
2025-10-05 16:14:04.191450119,4.489198701350599,0.8845408777677045,4.209720386735561,0.0032773995425571245
2025-10-05 16:14:04.316639900,4.50955238800049,0.8885513190630936,7.20260891881185,0.007991377549807721
2025-10-05 16:14:04.441529989,4.508803082735151,0.8884036777620036,10.327149146285388,0.011089187376224774
2025-10-05 16:14:04.566620111,4.476202796136354,0.8819801959689382,12.371605807228098,0.00835079546784634
2025-10-05 16:14:04.691420078,4.4219263976786305,0.87128570540887,12.557994122241416,0.003595664859604608
2025-10-05 16:14:04.816509962,4.371260416787648,0.8613026028126788,10.847904673575954,0.001202797761059915
2025-10-05 16:14:04.941400051,4.345071369707178,0.8561423761812558,8.762854400365102,0.001499759806632528
2025-10-05 16:14:05.066489935,4.349608315533976,0.8570363250373875,8.454161599877423,0.0031217588711932587
2025-10-05 16:14:05.191390038,4.3802955436808855,0.863082862410117,9.46454556459284,0.004502906651864369
2025-10-05 16:14:05.316479921,4.426975109773385,0.87228049145533,10.148981682244283,0.004824070963348248
2025-10-05 16:14:05.441370010,4.476655943238939,0.8820694829803947,10.308144993926696,0.004564743813715744
2025-10-05 16:14:05.566459894,4.519066881393055,0.8904260318786441,11.537707848829244,0.0067117324192308425
2025-10-05 16:14:05.691359997,4.547848083339452,0.8960970104488767,14.800454687924288,0.014859406572416134
2025-10-05 16:14:05.816450119,4.54827063954619,0.8961802699040444,17.970969774923667,0.021802562979555185
2025-10-05 16:14:05.941440105,4.498723803585177,0.8864176809238816,18.545960429794544,0.016076288343747636
2025-10-05 16:14:06.066430091,4.40026916057465,0.867018415678029,16.37913775909095,0.00695960396180717
2025-10-05 16:14:06.191329956,4.293016298993814,0.8458855706789273,12.964767751216684,0.0029841088792331716
2025-10-05 16:14:06.316519976,4.218293892497783,0.8311624480399072,10.41513059477667,0.0026382181340710575
2025-10-05 16:14:06.441410065,4.186295081193571,0.8248574794872711,10.17584331504038,0.003308561795962839
2025-10-05 16:14:06.566400051,4.184982714247083,0.8245988938714347,10.56396187535789,0.0036386406652297865
2025-10-05 16:14:06.691289902,4.190537556362071,0.8256934065555747,10.239214554900782,0.0033702038435753368
2025-10-05 16:14:06.816289902,4.182994509665312,0.8242071428390261,9.428940340421187,0.002791835912575258
2025-10-05 16:14:06.941179991,4.158947035199896,0.8194688865071476,9.05595710035168,0.002286128589937486
2025-10-05 16:14:07.066169977,4.129454225886123,0.8136576945386585,10.073201413291951,0.0022585144355747877
2025-10-05 16:14:07.191060066,4.119256410954722,0.8116483416962413,12.18601109061115,0.0033689637036046216
2025-10-05 16:14:07.316159964,4.1533810350436475,0.8183721752694869,13.714826895779108,0.005826084041604673
2025-10-05 16:14:07.441050053,4.232010222048065,0.8338650805111559,13.027058357843227,0.007436877234023975
2025-10-05 16:14:07.566040039,4.325226402684626,0.8522321717734807,9.970304233594979,0.005533849048074746
2025-10-05 16:14:07.691030025,4.400464138147681,0.8670568335884552,6.770887989682965,0.0031177557312702664
2025-10-05 16:14:07.816030025,4.44738192175081,0.8763014004370424,5.960190036912664,0.0033797982446402974
2025-10-05 16:14:07.940920115,4.466431441030956,0.8800548717414076,6.070142118310245,0.003661989131647725
2025-10-05 16:14:08.066009998,4.45937188704244,0.8786638742612178,5.978610145246888,0.002742689826144562
2025-10-05 16:14:08.190999985,4.433739160934944,0.8736132637716704,6.8421271504437104,0.002934016871858014
2025-10-05 16:14:08.315999985,4.402268262344481,0.8674123138660733,7.781156380867051,0.003912712648816097
2025-10-05 16:14:08.440989971,4.377447032496784,0.862521598641071,7.075861840280871,0.0035591236357020994
2025-10-05 16:14:08.566179991,4.366167372737505,0.8602990817047207,5.439522546116986,0.002130073517002673
2025-10-05 16:14:08.691070080,4.371207750363867,0.8612922255476434,5.557110937840363,0.0013919332860869993
2025-10-05 16:14:08.816060066,4.392969295378536,0.8655800678574671,6.941074766529242,0.002545867365218557
2025-10-05 16:14:08.940959930,4.4239983924041395,0.8716939662489794,7.414265294324179,0.004761681171170373
2025-10-05 16:14:09.066149950,4.449379533012043,0.8766950049388699,7.150348359609131,0.004855092307758269
2025-10-05 16:14:09.191040039,4.45740898599715,0.8782771089765692,6.827715953944335,0.002514325986599397
2025-10-05 16:14:09.316129923,4.450283368881401,0.8768730945772277,6.70754938583869,0.0015762083100178126
2025-10-05 16:14:09.440929890,4.437994606932316,0.8744517465807908,7.783800115787597,0.003444847893174008
2025-10-05 16:14:09.566020012,4.426778152201714,0.8722416834107505,10.26608279700339,0.006935934456939963
2025-10-05 16:14:09.691009998,4.4174113342250445,0.8703960682027444,11.886661329065534,0.009237901321266895
2025-10-05 16:14:09.815999985,4.412541923987643,0.8694366113615255,11.671622533691835,0.008714382408573251
2025-10-05 16:14:09.940999985,4.420593341944063,0.8710230433241614,10.564303079811275,0.006781312586973565
2025-10-05 16:14:10.065989970,4.44234704826592,0.8753093411168715,9.934383556484368,0.005407086847742604
2025-10-05 16:14:10.190979958,4.466739073665315,0.8801154869332334,10.446424672682083,0.005431981718371226
2025-10-05 16:14:10.315969944,4.4838129206376225,0.8834796765341999,11.407510029537999,0.006242462223796097
2025-10-05 16:14:10.440969944,4.4896121088445256,0.8846223345825797,11.628771795481155,0.0065351293081827855
2025-10-05 16:14:10.566159964,4.487563019963294,0.8842185870547451,10.612352796761094,0.005487852190434683
2025-10-05 16:14:10.691050053,4.483761781268138,0.8834696001562576,8.943301196113213,0.0033620762934065684
2025-10-05 16:14:10.816040039,4.486898418764692,0.8840876356385381,9.327699914000075,0.002466136109936512
2025-10-05 16:14:10.941040039,4.503973669747153,0.8874521018822767,11.624056066598827,0.00500065393194471
2025-10-05 16:14:11.066030025,4.529702090980672,0.8925215679085027,12.697498458496188,0.009008899184323904
2025-10-05 16:14:11.191020012,4.550888906061272,0.8966961668191852,11.370021014569453,0.008958263261621413
2025-10-05 16:14:11.315910101,4.5606273919886196,0.8986150145831999,9.11703179747614,0.005072173086895115
2025-10-05 16:14:11.440999985,4.566496184053786,0.8997713872078282,8.23611309999019,0.002295994207267782
2025-10-05 16:14:11.565999985,4.580414770484352,0.9025138718866361,7.916907561502597,0.002461546918034796
2025-10-05 16:14:11.690989971,4.601385922289914,0.9066459770260925,6.618345912277402,0.004171874533390962
2025-10-05 16:14:11.815979958,4.613664208635314,0.9090652609348614,5.023093314120294,0.005565935516271603
2025-10-05 16:14:11.940969944,4.604999450833172,0.9073579779692742,4.362107173183047,0.005034166620873304
2025-10-05 16:14:12.065969944,4.579251859132428,0.9022847346404528,4.323735582668187,0.0031121878696594996
2025-10-05 16:14:12.190959930,4.556769590384101,0.8978548826655621,4.75871808573349,0.003196245615269544
2025-10-05 16:14:12.315949917,4.555468320157136,0.8975984835205596,6.505275781040416,0.0065820231374186244
2025-10-05 16:14:12.440939903,4.570611696130611,0.9005822977749642,8.329416692759944,0.00955861089608634
2025-10-05 16:14:12.565939903,4.585574618175458,0.9035305558227839,8.956212900236572,0.008624428783868265
2025-10-05 16:14:12.691030025,4.592530577196467,0.9049011412005948,7.967626761764824,0.005257802499835651
2025-10-05 16:14:12.815920115,4.595722268256998,0.9055300243042536,5.787659306849618,0.0026709204675976483
2025-10-05 16:14:12.940910101,4.602066654171716,0.906780106793187,4.290029794943154,0.001980682629460495
2025-10-05 16:14:13.065910101,4.613797929557725,0.9090916089826876,5.796755109994557,0.0026664744030026055
2025-10-05 16:14:13.190900087,4.627762268759479,0.9118431086771096,7.353348832897022,0.004263345439119437
2025-10-05 16:14:13.315989971,4.636274166570159,0.9135202724788951,6.731691861398143,0.00465587786402033
2025-10-05 16:14:13.440880060,4.634318220066661,0.913134877500377,4.6718810953894145,0.0030170188991470726
2025-10-05 16:14:13.565870047,4.628398898965928,0.9119685487565288,4.129556777059495,0.002805659194704657
2025-10-05 16:14:13.690769911,4.630485472738082,0.9123796822168037,5.142598808433923,0.00432398269208778
2025-10-05 16:14:13.815759897,4.63800885392664,0.9138620710890775,5.027246466449501,0.004129857716597907
2025-10-05 16:14:13.940649986,4.643821391362312,0.9150073594372766,4.285274561129426,0.0022753948258127377
2025-10-05 16:14:14.065639973,4.651125871147572,0.9164466165053468,5.090199632398124,0.0011617604079127153
2025-10-05 16:14:14.190540075,4.666136499112537,0.9194042744125318,6.067464140409732,0.0018650316632609076
2025-10-05 16:14:14.315530062,4.691011787696853,0.9243056412405307,5.333803303514388,0.004125136230160864
2025-10-05 16:14:14.440419912,4.715384291645142,0.9291079405972802,4.79838048161398,0.007591711282511016
2025-10-05 16:14:14.565409899,4.721541451196185,0.9303211324553721,6.7414346400132805,0.009588319217727181
2025-10-05 16:14:14.690510035,4.70141765774111,0.9263559887602595,8.085742461627875,0.007346686190454421
2025-10-05 16:14:14.815500021,4.664777245808821,0.9191364504220242,6.832014867346309,0.003987332577828573
2025-10-05 16:14:14.940589905,4.629586115137911,0.9122024749657986,4.12775004946908,0.0024154205767181747
2025-10-05 16:14:15.065579891,4.610145590511992,0.9083719609117645,5.852590743574079,0.004850061067582012
2025-10-05 16:14:15.190479994,4.607384321000089,0.9078278870312573,9.791884416895504,0.014395800934055014
2025-10-05 16:14:15.315570116,4.6061723760113615,0.9075890883156172,11.85184612291077,0.02986353387716456
2025-10-05 16:14:15.440459967,4.578355571442241,0.902108132277102,11.395521567179582,0.033384429625476275
2025-10-05 16:14:15.565550089,4.500303437496401,0.8867289281774204,9.18794148455126,0.0182249369229589
2025-10-05 16:14:15.690449953,4.387265078847678,0.8644561227989283,6.624809573675004,0.006482572009356535
2025-10-05 16:14:15.815439939,4.297843713229188,0.846836752729261,5.206944740031624,0.003931083867779073
2025-10-05 16:14:15.940429926,4.2707317812752645,0.8414946830896866,5.302837525434757,0.00474874756261523
2025-10-05 16:14:16.065419912,4.294209228571666,0.8461206226439006,5.734065439064765,0.005629063115309085
2025-10-05 16:14:16.190609932,4.33564954421994,0.854285922426124,5.51429089837814,0.005189942318871155
2025-10-05 16:14:16.315609932,4.373369352587175,0.8617181424328582,4.620777726401694,0.0035067546828351226
2025-10-05 16:14:16.440399885,4.3974530750177845,0.8664635409763167,3.9832242351165714,0.0023293317892673082
2025-10-05 16:14:16.565390110,4.409095818269407,0.8687575990077234,4.473892644133406,0.00280713623114881
2025-10-05 16:14:16.690380096,4.410590079660476,0.8690520246659312,5.303860199439461,0.003929478670340658
2025-10-05 16:14:16.815380096,4.4045802010929505,0.86786785269738,5.283577103428888,0.0037717606463589792
2025-10-05 16:14:16.940469980,4.392859514053488,0.8655584368101288,4.179678340335414,0.0021057995253295214
2025-10-05 16:14:17.065459966,4.377466802151298,0.862525494006084,4.217438660109594,0.001545666323295447
2025-10-05 16:14:17.190449953,4.359123866702378,0.858911246274536,7.180905572466817,0.0037666983491146944
2025-10-05 16:14:17.315449953,4.331803704664725,0.8535281474818114,10.030635220540969,0.005690086575065978
2025-10-05 16:14:17.440439939,4.290950814005032,0.8454785925016317,10.578484387717271,0.005019670693380052
2025-10-05 16:14:17.565429926,4.2446761588990025,0.8363607461399702,8.499486639159214,0.003515697757354941
2025-10-05 16:14:17.690419912,4.21233513652737,0.8299883491445104,6.231095796932349,0.0025941013777932564
2025-10-05 16:14:17.815419912,4.213834296359764,0.8302837399797747,7.637468692982054,0.002339854093934779
2025-10-05 16:14:17.940310001,4.2731271437174545,0.841966659524267,10.542656321040397,0.003515927391577467
2025-10-05 16:14:18.065299988,4.400006122598449,0.8669665873100209,11.902516278622725,0.00816312496565319
2025-10-05 16:14:18.190390110,4.555496039726421,0.8976039453175925,10.806868869753856,0.01321712556126553
2025-10-05 16:14:18.315390110,4.66818248038769,0.9198074096251647,9.634712546902268,0.00893025867182673
2025-10-05 16:14:18.440279961,4.70388434435754,0.9268420187379967,12.920592965838798,0.0036397416675761907
2025-10-05 16:14:18.565269947,4.679033495138681,0.9219454673835846,18.252275156501092,0.004403725425196181
2025-10-05 16:14:18.690360069,4.616954217766063,0.9097135163937923,21.9360359870648,0.005696276584415183
2025-10-05 16:14:18.815350056,4.5310383307373066,0.8927848573652348,22.33052937067256,0.004967986942803204
2025-10-05 16:14:18.940350056,4.432816368512524,0.8734314389798477,19.425608317323967,0.0033979156580546954
2025-10-05 16:14:19.065340042,4.33638669889912,0.8544311696050416,14.234722482307623,0.0020493496619545803
2025-10-05 16:14:19.190330029,4.258807343416523,0.8391451206327419,8.8675665021318,0.0012696936905453038
2025-10-05 16:14:19.315320015,4.211390724453444,0.8298022644687321,7.443770984383925,0.0009304953551103612
2025-10-05 16:14:19.440320015,4.194400616021113,0.8264545745075859,10.056333209786509,0.0007589661722374741
2025-10-05 16:14:19.565310001,4.1982552724903535,0.8272140867153589,12.979775561613227,0.0007104257955589111
2025-10-05 16:14:19.690399885,4.216368270237176,0.830783028077023,15.053765181530435,0.0009800519966149945
2025-10-05 16:14:19.815390110,4.247928109601506,0.8370015026580508,15.871182348208276,0.001593878927700021
2025-10-05 16:14:19.940390110,4.2915366734239075,0.8455940288275989,15.157084525301592,0.002236704709033255
2025-10-05 16:14:20.065380096,4.3421481227570515,0.8555663866572415,12.780436369325033,0.0027948549224691144
2025-10-05 16:14:20.190370083,4.389530437549077,0.8649024836101775,9.587508024491191,0.003493134267642972
2025-10-05 16:14:20.315360069,4.418994794226265,0.8707080693398223,6.846243561238747,0.0033090522164228586
2025-10-05 16:14:20.440360069,4.419494722208373,0.870806573942878,5.125434754832998,0.0021657719312981882
2025-10-05 16:14:20.565449953,4.3945787179464215,0.8658971845960219,5.372167081424033,0.002174547302359886
2025-10-05 16:14:20.690439939,4.358645927389703,0.8588170742658374,6.726793570439559,0.003468614125128333
2025-10-05 16:14:20.815429926,4.325950856627289,0.8523749164299275,7.565994265022741,0.004448061378915846
2025-10-05 16:14:20.940419912,4.3110208759996995,0.8494331490794625,7.92233652580866,0.00455898229615892
2025-10-05 16:14:21.065320014,4.32899211954156,0.8529741595346941,8.3853682560404,0.004513813649618337
2025-10-05 16:14:21.190310001,4.388860479001285,0.8647704765948157,8.942577782793615,0.005768383691898027
2025-10-05 16:14:21.315099955,4.478049998903243,0.8823441643440398,9.390265610884871,0.008744494882419795
2025-10-05 16:14:21.440089941,4.562563098758191,0.8989964215733923,9.35877855899278,0.010403475374173632
2025-10-05 16:14:21.565190077,4.616177101076168,0.9095603951967286,8.417191519785622,0.008369020248223391
2025-10-05 16:14:21.690180063,4.639320141648988,0.9141204440571938,6.772238698886285,0.005173033650366254
2025-10-05 16:14:21.814970016,4.645227569961236,0.9152844294747012,5.4693930686891585,0.00335728267700941
2025-10-05 16:14:21.939960003,4.643739876643686,0.914991297973848,5.7647466104007545,0.003700693476944017
2025-10-05 16:14:22.064960003,4.636596462392596,0.9135837768699112,7.379437146591195,0.005558391317535438
2025-10-05 16:14:22.190049887,4.620882536438529,0.9104875428243107,9.199202878634974,0.006312382723077992
2025-10-05 16:14:22.315040112,4.596934803696593,0.9057689393609074,10.302732398683228,0.004921106932939123
2025-10-05 16:14:22.440030098,4.570974541124897,0.9006537918769391,10.005327854149206,0.0034420537845913923
2025-10-05 16:14:22.565129995,4.5485465861434475,0.8962346417555915,8.502698381721299,0.0030049964588759748
2025-10-05 16:14:22.690220118,4.529742815697666,0.892529592208453,7.404266934234002,0.0031451367328041435
2025-10-05 16:14:22.815010071,4.51209389890928,0.8890520922388144,8.473944166565238,0.003376489700586016
2025-10-05 16:14:22.940000057,4.494566973819887,0.8855986292191276,11.058352283829947,0.0037234629436873057
2025-10-05 16:14:23.064899921,4.478577534567617,0.8824481086981801,13.177644827776852,0.004437298102559217
2025-10-05 16:14:23.189889908,4.46639309533417,0.8800473161978575,13.424977478663678,0.005523950784440679
2025-10-05 16:14:23.314980030,4.463878767695767,0.8795518991481288,11.585447296601027,0.0063789430621618015
2025-10-05 16:14:23.439970016,4.478067666822518,0.8823476455882137,8.519433218473749,0.00595671227116823
2025-10-05 16:14:23.564860106,4.512349789564295,0.8891025123159056,5.542412906429293,0.0048361353385324435
2025-10-05 16:14:23.689860106,4.557614942724205,0.8980214488504615,3.9618033284525875,0.004720156251669216
2025-10-05 16:14:23.814949989,4.599320986098963,0.906239106982597,3.48501570466691,0.004714712344857319
2025-10-05 16:14:23.939939976,4.636282491009356,0.9135219127063041,3.240300180024684,0.004290289023365257
2025-10-05 16:14:24.064830065,4.676493888635418,0.9214450694473328,3.740638469803918,0.005874120943162087
2025-10-05 16:14:24.189830065,4.719083261051523,0.9298367766019265,4.9433744040893774,0.009903773454177922
2025-10-05 16:14:24.314919949,4.746339993829624,0.9352073774464309,5.79154640505349,0.011226922329183875
2025-10-05 16:14:24.439909935,4.745413677127145,0.9350248582389706,5.495058506954134,0.007703542135855335
2025-10-05 16:14:24.564899921,4.723949724978604,0.9307956529092708,4.10297345725207,0.004002060527312001
2025-10-05 16:14:24.689899921,4.698131674879877,0.9257085266277569,3.1245904053365137,0.0028032867866555344
2025-10-05 16:14:24.814790010,4.678194372540691,0.9217801286920366,4.217805037418989,0.00362720213066825
2025-10-05 16:14:24.939779997,4.665511953798678,0.9192812155111825,5.662050953918553,0.005589732346594434
2025-10-05 16:14:25.064769983,4.657155423291662,0.9176346649079435,6.07569680828907,0.0073043882397944015
2025-10-05 16:14:25.189769983,4.652516708571335,0.9167206637546426,5.474901142808333,0.007072998060763891
2025-10-05 16:14:25.314759970,4.657284838213895,0.9176601645118871,4.562270423927324,0.0059307189736079735
2025-10-05 16:14:25.439749956,4.678390212102116,0.9218187164465755,4.676063786030939,0.016950834445137786
2025-10-05 16:14:25.564840078,4.697479617310748,0.925580046778028,6.8367331909902695,0.05867541008651889
2025-10-05 16:14:25.689840078,4.657277558225656,0.9176587300805741,9.107374449889825,0.055522210704922026
2025-10-05 16:14:25.814830065,4.529918058370393,0.8925641216017521,9.718113175855537,0.017645694532994805
2025-10-05 16:14:25.939820051,4.373313871746285,0.8617072106218682,7.544562190278972,0.0030017157101575043
2025-10-05 16:14:26.064909935,4.274015345928999,0.8421416687444199,3.4385827223851986,0.0010506455713467089
2025-10-05 16:14:26.189899921,4.271179853030812,0.841582970067012,4.358423693859401,0.0041371326945228715
2025-10-05 16:14:26.314800024,4.354970698098199,0.8580929159561314,8.356731605814021,0.013980757605523086
2025-10-05 16:14:26.439790010,4.495975522715478,0.885876166294087,10.015914101435223,0.03405465072526348
2025-10-05 16:14:26.564879894,4.642443637140497,0.9147358900705171,9.270534513295715,0.04690593440110402
2025-10-05 16:14:26.689870119,4.737287556719824,0.9334237070856981,7.8004563127709385,0.031151798609720727
2025-10-05 16:14:26.814670086,4.762571152597017,0.9384055257972663,6.965194536717191,0.013840588942293008
2025-10-05 16:14:26.939660072,4.7426797255501825,0.9344861670184343,6.288223067076024,0.006779803738782841
2025-10-05 16:14:27.064650058,4.707007691162251,0.9274574354544322,4.799409669474153,0.0035116659862198807
2025-10-05 16:14:27.189640045,4.672557931608368,0.9206695379738616,3.170002878658473,0.002221187966848115
2025-10-05 16:14:27.314640045,4.6491238230270415,0.9160521377754712,3.0418500858992044,0.0022179079856069484
2025-10-05 16:14:27.439630032,4.640100773047757,0.9142742577840115,3.8217435577492647,0.0027607952380818146
2025-10-05 16:14:27.564620018,4.64302078992349,0.9148496108619629,3.933562244872578,0.0031608486939337377
2025-10-05 16:14:27.689610004,4.649392756796379,0.9161051278363299,3.071224046342761,0.0028136840513424133
2025-10-05 16:14:27.814610004,4.646650502579686,0.9155648006836988,3.2283874280412803,0.002807491264690043
2025-10-05 16:14:27.939599991,4.6258245531417685,0.9114613058683281,5.541786357228597,0.003371328289157094
2025-10-05 16:14:28.064589977,4.588073993751401,0.904023026754211,8.021359988356588,0.0027653790541007917
2025-10-05 16:14:28.189579964,4.546576898375972,0.8958465392315828,9.578412156392623,0.002019336473260469
2025-10-05 16:14:28.314579964,4.518015049622241,0.8902187814850404,9.589260029184837,0.002072887022879666
2025-10-05 16:14:28.439569950,4.510314754207637,0.8887015338606359,7.957520856273204,0.0023719311253258546
2025-10-05 16:14:28.564559937,4.52042428491741,0.8906934913930907,5.587817068788491,0.0023348317590292655
2025-10-05 16:14:28.689549923,4.542410815722613,0.8950256643600949,5.6594324635142526,0.0020631443439618202
2025-10-05 16:14:28.814640045,4.5730407720133055,0.9010609170244968,8.566913147725906,0.0023658480105557267
2025-10-05 16:14:28.939640045,4.613626237061729,0.9090577791076437,10.638233302789097,0.005083552172696626
2025-10-05 16:14:29.064630032,4.664881554959946,0.9191570032454194,10.115764978626084,0.011455121881722485
2025-10-05 16:14:29.189719915,4.71222263543944,0.9284849754889303,8.657704377371289,0.01306195566829449
2025-10-05 16:14:29.314510107,4.730856550231606,0.9321565570880144,9.705763839402854,0.006237329049704643
2025-10-05 16:14:29.439610004,4.721229269570297,0.9302596209412342,11.974650417795878,0.0033727241855109336
2025-10-05 16:14:29.564599991,4.702288182830134,0.9265275149228535,12.022613693582066,0.003906150039975631
2025-10-05 16:14:29.689490080,4.682675620446679,0.9226631029642747,9.646692538911875,0.004384095709052294
2025-10-05 16:14:29.814579964,4.662370384800331,0.918662208337691,8.260022235393013,0.004486111031196116
2025-10-05 16:14:29.939480066,4.639448256161893,0.9141456874316218,10.184964222378937,0.004261536648980546
2025-10-05 16:14:30.064470053,4.613636408659145,0.9090597832946502,12.311930801893624,0.0036826736608210897
2025-10-05 16:14:30.189460039,4.589536803601816,0.9043112552767543,12.322982442506806,0.0028077305406343234
2025-10-05 16:14:30.314450026,4.577337123241888,0.9019074597016532,10.666421734409202,0.0035610130361952708
2025-10-05 16:14:30.439349890,4.587234523247099,0.9038576195120428,9.245017433651707,0.011424067661184534
2025-10-05 16:14:30.564340115,4.606765148457164,0.9077058867677261,8.821104702128528,0.02217746745252569
2025-10-05 16:14:30.689330101,4.606284983436279,0.9076112762108532,8.079201349403357,0.01944876690661035
2025-10-05 16:14:30.814320087,4.576352509352491,0.9017134537571786,6.480231684435133,0.009005127083858477
2025-10-05 16:14:30.939219952,4.541369061765529,0.8948203996745866,5.0671014059539,0.004510236105794485
2025-10-05 16:14:31.064209937,4.529777671329017,0.8925364600779331,5.2818040669898965,0.005870432340657317
2025-10-05 16:14:31.189100027,4.543192970588842,0.8951797782672641,5.9584015955472465,0.007732764175994222
2025-10-05 16:14:31.314090014,4.567238946013966,0.8999177392318615,6.171023102727539,0.00783293549090136
2025-10-05 16:14:31.439080000,4.5949351227401705,0.9053749270513348,6.009466470769097,0.007766839541868631
2025-10-05 16:14:31.564080000,4.61880842476216,0.9100788648653129,5.643350669071345,0.008530171633895134
2025-10-05 16:14:31.689069986,4.625101270163812,0.9113187919359411,6.189398692645836,0.008891250419734154
2025-10-05 16:14:31.814059973,4.6034243088055975,0.9070476157856489,7.811423859056108,0.007580565122155436
2025-10-05 16:14:31.939150095,4.56180921895893,0.8988478789171787,8.66536586153216,0.004645047618664022
2025-10-05 16:14:32.064150095,4.5195336768646195,0.890518008131785,7.377714444528535,0.0018894794813860694
2025-10-05 16:14:32.189140081,4.493357715941562,0.8853603599652361,4.5364074157132315,0.0007430323865839084
2025-10-05 16:14:32.314229965,4.490266628011609,0.8847512994596286,4.1905616036743805,0.0019041787108079467
2025-10-05 16:14:32.439219952,4.50735091809846,0.8881175467466812,6.452797541502137,0.00443855608769006
2025-10-05 16:14:32.564219952,4.533939762717104,0.8933565485201443,7.424091810474397,0.006105527348099327
2025-10-05 16:14:32.689110041,4.557611892936892,0.8980208479277297,6.816576669592516,0.0054097651037954275
2025-10-05 16:14:32.814100027,4.573130578022153,0.9010786121837399,6.157197937602624,0.004174346687222497
2025-10-05 16:14:32.939090014,4.58377784802901,0.9031765245694986,6.963739885004106,0.004499713511322612
2025-10-05 16:14:33.064090014,4.592990709917216,0.9049918046413953,8.32050661369192,0.00653848990398731
2025-10-05 16:14:33.189179897,4.5969912822009915,0.9057800677491075,10.741757011215066,0.020081444055880193
2025-10-05 16:14:33.314169884,4.576120366679902,0.9016677129252307,14.144153892267152,0.049538817386415857
2025-10-05 16:14:33.439260006,4.491817888836474,0.8850569561487076,16.03966812037503,0.043595061620852804
2025-10-05 16:14:33.564249992,4.330946644351343,0.8533592743861138,13.713613159163854,0.014853647270140713
2025-10-05 16:14:33.689249992,4.155035058967997,0.8186980801516773,7.117915947373708,0.0029644522504034265
2025-10-05 16:14:33.814239979,4.057038926155323,0.7993891586486292,3.9639104184127323,0.00100629113801598
2025-10-05 16:14:33.939130068,4.07841255727265,0.8036005673403221,10.964202755057158,0.0037478369453399774
2025-10-05 16:14:34.064120053,4.199972697680659,0.8275524840299789,15.024263799730488,0.014515200396886474
2025-10-05 16:14:34.189120054,4.3660311311607956,0.8602722369932548,14.441094352262398,0.04057335746277768
2025-10-05 16:14:34.314110041,4.511852930398868,0.8890046123850825,10.703331984943938,0.054477822532686404
2025-10-05 16:14:34.439100027,4.594365197203524,0.905262630299067,5.906468200593737,0.02282780399789275
2025-10-05 16:14:34.564090014,4.619745622700819,0.9102635280852889,2.9701724617114413,0.005395091797685492
2025-10-05 16:14:34.689090014,4.627761078078511,0.9118428740682053,2.266465890688187,0.0032213716503680656
2025-10-05 16:14:34.814080000,4.641053684618605,0.9144620171801504,2.699886786746808,0.0038732083260935024
2025-10-05 16:14:34.939169884,4.665070435635277,0.9191942198378372,3.530653013685853,0.006042527656162533
2025-10-05 16:14:35.064160109,4.699565303231019,0.9259910052981106,4.642169666660515,0.01601424003038998
2025-10-05 16:14:35.189160109,4.724533238353875,0.9309106269764681,6.290971121633288,0.03364367489883957
2025-10-05 16:14:35.314150095,4.68942394048951,0.9239927756589468,8.121696025303644,0.02481991952062046
2025-10-05 16:14:35.439140081,4.59102102897882,0.9046037034629718,9.629988342809353,0.008120163007621528
2025-10-05 16:14:35.564130068,4.491689586836715,0.8850316758323225,11.166085401748726,0.007626669699778765
2025-10-05 16:14:35.689120054,4.424979162378174,0.8718872147976479,13.082393749099513,0.013081602448952068
2025-10-05 16:14:35.814120054,4.386704660628931,0.864345699345634,14.661966451429699,0.01566796710270857
2025-10-05 16:14:35.939009905,4.366269283045359,0.8603191618658272,14.409614597995393,0.013593234065659376
2025-10-05 16:14:36.063999891,4.356719093356185,0.8584374155381433,11.91996847164056,0.009218209997646554
2025-10-05 16:14:36.188990116,4.3546238874747605,0.8580245812278907,9.01635296243104,0.005974764592764692
2025-10-05 16:14:36.313990116,4.358732480648757,0.8588341285111116,8.518508380152008,0.004942643518332068
2025-10-05 16:14:36.438980103,4.364238699432043,0.8599190605713218,9.24873333289424,0.005523526212762642
2025-10-05 16:14:36.563970089,4.360207354282534,0.8591247340524135,8.607195598386154,0.006004469526040612
2025-10-05 16:14:36.689059973,4.332391334942425,0.8536439327335276,8.057557070689791,0.006097451933055775
2025-10-05 16:14:36.814059973,4.271776226870425,0.8417004781290653,9.844528428207871,0.0064622247266907795
2025-10-05 16:14:36.939049959,4.183455493705186,0.8242979740216925,11.05846074611779,0.005438557270668776
2025-10-05 16:14:37.063940048,4.09822003040358,0.8075033840421806,9.097773527987933,0.0032557197247538028
