Time,Entropy_raw_at_t,Entropy_norm_at_t,v_l2,v_cos
2025-10-30 13:49:10.586649895,4.688807239646642,0.9238712624132295,5.108122893098795,0.014363682088594176
2025-10-30 13:49:10.711630106,4.7396297153318905,0.9338852003659944,4.350791709371411,0.014569125056873689
2025-10-30 13:49:10.836600065,4.770553455511549,0.9399783394988526,3.9440552716549244,0.012746243883927977
2025-10-30 13:49:10.961380005,4.779433941711184,0.9417281290672372,4.304406566607063,0.013038669546797776
2025-10-30 13:49:11.086159945,4.776778148693024,0.9412048380204976,4.57404824401066,0.011730242154708304
2025-10-30 13:49:11.211030006,4.76688522358431,0.9392555599329139,4.307590207989614,0.00816584365199513
2025-10-30 13:49:11.336110115,4.754124992103629,0.9367413147178277,3.9484288180221756,0.006127075391506254
2025-10-30 13:49:11.461189985,4.747668860257424,0.9354692140802446,4.176342175641742,0.007140360571306292
2025-10-30 13:49:11.586070061,4.748847710444666,0.9357014918760717,4.69820676140642,0.009112015288309294
2025-10-30 13:49:11.711139917,4.75031983813687,0.9359915563636731,4.784704396878452,0.009261252529349617
2025-10-30 13:49:11.836019993,4.746382042998443,0.9352156627131724,4.3564092163168056,0.007622799234531241
2025-10-30 13:49:11.961100101,4.738119290173559,0.9335875898380953,3.960799295054472,0.006299356272983614
2025-10-30 13:49:12.086270094,4.726833723197828,0.9313639089580719,4.076555638020533,0.00674449456053372
2025-10-30 13:49:12.211250067,4.710445906283994,0.9281348930641444,4.312337866482634,0.007551790387532953
2025-10-30 13:49:12.336430073,4.6867906830233945,0.923473924962994,3.997327518750496,0.0063071179864993
2025-10-30 13:49:12.461199999,4.662524872739152,0.9186926482683111,3.039724254781509,0.003630586607841324
2025-10-30 13:49:12.586280107,4.656108457428144,0.91742837328097,2.6276448451033105,0.002463522156027742
2025-10-30 13:49:12.711450100,4.683218185730178,0.9227700087182945,3.7895891710934837,0.0044262981710986304
2025-10-30 13:49:12.836440086,4.742047631131974,0.9343616206597832,5.01313976494851,0.00920424137918796
2025-10-30 13:49:12.961420059,4.8117910003850355,0.9481036858169839,5.215405726046535,0.01332459483264703
2025-10-30 13:49:13.086410046,4.864031103014299,0.9583969495614606,4.404822497918277,0.012172351365060896
2025-10-30 13:49:13.211390018,4.881419338370902,0.9618230854909158,3.3993266295946025,0.00800125724569345
2025-10-30 13:49:13.336380005,4.867349853042806,0.9590508680575218,2.9207843985496433,0.005552036929064141
2025-10-30 13:49:13.461359978,4.837536778915541,0.9531765718831174,2.560650448142229,0.004036061919081124
2025-10-30 13:49:13.586440086,4.80619174326737,0.9470004217079089,2.0119064743600785,0.0025098692770285647
2025-10-30 13:49:13.711220026,4.78305199733895,0.9424410220162246,2.459202251695659,0.0037498395240764815
2025-10-30 13:49:13.836090088,4.767075851003634,0.9392931206995523,4.126570789776542,0.009600542288441205
2025-10-30 13:49:13.961070061,4.74102831974275,0.9341607780036826,6.145902132072719,0.014091532860919576
2025-10-30 13:49:14.086050034,4.681969379811776,0.9225239470140326,8.304106137196465,0.010869570937178108
2025-10-30 13:49:14.210920095,4.591234932664129,0.9046458505288846,10.119248302983282,0.005390379324158978
2025-10-30 13:49:14.335999966,4.498098246896651,0.886294422743709,10.789187209121827,0.002517797889463269
2025-10-30 13:49:14.461070061,4.430009348185774,0.8728783504691989,9.985768414672153,0.0014692689228780198
2025-10-30 13:49:14.586050034,4.3962764809909665,0.8662317077288945,8.108466152353907,0.0010620227072796196
2025-10-30 13:49:14.710930109,4.393280911041871,0.8656414678557095,6.1543064147050695,0.0009848997161259199
2025-10-30 13:49:14.835799932,4.411914517815467,0.869312988763558,5.154295924566421,0.0011849399039557396
2025-10-30 13:49:14.960779905,4.439802545525462,0.8748079784378595,4.880743186573329,0.001361778201890207
2025-10-30 13:49:15.085760117,4.466867920858272,0.8801408746731705,4.508410858577444,0.0012900603428743773
2025-10-30 13:49:15.210730076,4.49249801854857,0.8851909672657367,4.159527412056567,0.0011468596864856462
2025-10-30 13:49:15.335710049,4.524192261999168,0.8914359245035486,5.371833899654474,0.0014129379961775879
2025-10-30 13:49:15.460589886,4.569820003024646,0.9004263044760572,8.4226273947751,0.0026121302143871095
2025-10-30 13:49:15.585659981,4.628733224691054,0.9120344234905373,11.201983872452818,0.005059204039601806
2025-10-30 13:49:15.710740089,4.692800506030455,0.9246580859840453,11.604805339077343,0.007639432500216481
2025-10-30 13:49:15.835720062,4.74864020963995,0.9356606064182981,8.954288531079005,0.00707544542595373
2025-10-30 13:49:15.960599899,4.783169113285564,0.9424640982596949,5.545234200297944,0.00476264715028929
2025-10-30 13:49:16.085669994,4.787383962213975,0.9432945819203254,6.628692811520308,0.006740576641667606
2025-10-30 13:49:16.210550070,4.75896691989076,0.9376953564833723,9.098527318131488,0.008109552849473567
2025-10-30 13:49:16.335619926,4.709022482529022,0.927854425082792,9.01732324241812,0.005317621726797839
2025-10-30 13:49:16.460599899,4.661496324820277,0.9184899856686997,6.7982429024850966,0.0026062408891792677
2025-10-30 13:49:16.585580111,4.635339560025417,0.9133361198609224,4.8985636240464405,0.0018431392550449788
2025-10-30 13:49:16.710449934,4.631878430686088,0.9126541472890787,5.232355701400947,0.0025128218032087757
2025-10-30 13:49:16.835330009,4.637919072030383,0.9138443806809209,6.157972849439415,0.003490428656462874
2025-10-30 13:49:16.960510015,4.6381026442214015,0.9138805513024014,6.3942256622477,0.003779877840009549
2025-10-30 13:49:17.085580111,4.623409217295908,0.9109853939224928,6.0353921556377745,0.0033775134082409952
2025-10-30 13:49:17.210360050,4.597217415544458,0.9058246245173481,5.943367099484181,0.0031243811449570558
2025-10-30 13:49:17.335439920,4.57132391961247,0.9007226325709314,6.742602355128836,0.003442278618393857
2025-10-30 13:49:17.460410118,4.558993590665812,0.8982930943136117,7.782532637617206,0.003867678339901204
2025-10-30 13:49:17.585390091,4.56621955881293,0.8997168816379844,8.253725564732392,0.0037830593915878508
2025-10-30 13:49:17.710360050,4.590312510248685,0.9044640986423432,8.181033528198865,0.003360307976953081
2025-10-30 13:49:17.835340023,4.626130436720676,0.9115215764304889,7.924233894998116,0.0034968655274765226
2025-10-30 13:49:17.960419893,4.671659556822192,0.9204925243741541,7.502720287760033,0.004586767682453474
2025-10-30 13:49:18.085489988,4.726175938206551,0.9312343005909057,6.714917093409792,0.006146695877917163
2025-10-30 13:49:18.210370064,4.785969169781858,0.943015814633997,5.62192852693104,0.008423703823317252
2025-10-30 13:49:18.335449934,4.842098821470562,0.9540754657380092,4.5341127896410995,0.011901476613064954
2025-10-30 13:49:18.460319996,4.883075308688329,0.9621493738857007,3.735030585754955,0.01313548017791033
2025-10-30 13:49:18.585400105,4.901414035438547,0.9657627923454137,3.296833937316528,0.00994179419149599
2025-10-30 13:49:18.710279942,4.901566499517558,0.9657928334995813,2.9379682439778003,0.005978778895566195
2025-10-30 13:49:18.835249901,4.8965371197894445,0.964801856655987,2.4375057588830433,0.0037652079400041227
2025-10-30 13:49:18.960429907,4.895562892806664,0.964609897322524,1.9555459286912698,0.002818783297537153
2025-10-30 13:49:19.085410118,4.902282726847069,0.965933957204027,2.0312771707763075,0.0030291606124581705
2025-10-30 13:49:19.210279942,4.915999007662258,0.9686365800726304,2.7799542943161852,0.0059383537463020275
2025-10-30 13:49:19.335459948,4.928412190761545,0.971082443712222,3.972982573306105,0.009778945050784471
2025-10-30 13:49:19.460540056,4.9234757708612396,0.9701097834487472,5.414781427962259,0.008521583248811693
2025-10-30 13:49:19.585710049,4.898030644775937,0.9650961372148141,6.51424724135007,0.004540668613892351
2025-10-30 13:49:19.710890055,4.86888531168705,0.9593534111230686,6.638381481923587,0.002905984689777208
2025-10-30 13:49:19.835669994,4.851026355644819,0.9558345255257666,5.649581437729082,0.0029427745558338048
2025-10-30 13:49:19.960639954,4.845538401023184,0.9547531921918889,4.253900894922682,0.003284694495200857
2025-10-30 13:49:20.085520029,4.848090494699941,0.9552560505706692,4.296406533358547,0.003501565491703329
2025-10-30 13:49:20.210200071,4.8557919290294835,0.9567735226041247,5.764657727850545,0.0035670304382700024
2025-10-30 13:49:20.335170031,4.868758843394136,0.9593284921158546,6.922686143517125,0.00407010597477353
2025-10-30 13:49:20.459949970,4.889100206985377,0.9633365053055082,6.92592765648256,0.006154858736603819
2025-10-30 13:49:20.585330009,4.913983317917753,0.96823941343009,5.689200465222948,0.009020889730325998
2025-10-30 13:49:20.710099936,4.934691015682226,0.9723196082211171,4.086545374468391,0.0097280390786042
2025-10-30 13:49:20.835079908,4.944726894961761,0.97429705365351,3.308285168729111,0.00866621626476427
2025-10-30 13:49:20.959959984,4.943856564489337,0.9741255658377014,3.4764664057417556,0.007631431853849069
2025-10-30 13:49:21.085030079,4.933592789115828,0.9721032163089619,3.372072945032328,0.005854880851564048
2025-10-30 13:49:21.210109949,4.9209756724476,0.9696171700911248,2.744501637589054,0.004217765184646782
2025-10-30 13:49:21.335190058,4.913035414589398,0.9680526408459651,2.498562159979015,0.0036053338639625565
2025-10-30 13:49:21.460160017,4.912057211128859,0.9678598979969216,3.029969142641225,0.004209354479225658
2025-10-30 13:49:21.585139990,4.918709988042427,0.9691707451039899,3.356055690156527,0.005429584431505985
2025-10-30 13:49:21.710319996,4.93045374057231,0.9714847057598068,3.01186444517611,0.0058629844272564124
2025-10-30 13:49:21.835089922,4.942405215100575,0.9738395954568632,2.457648324484201,0.0055274674299514714
2025-10-30 13:49:21.960170031,4.951256910484777,0.9755837121524595,2.5290591511228047,0.0054934951466484305
2025-10-30 13:49:22.085150003,4.954912719899452,0.9763040440165036,2.924655928146591,0.005264399353852034
2025-10-30 13:49:22.210119963,4.950887150979101,0.975510855631848,2.896797592884943,0.004185882135789631
2025-10-30 13:49:22.335099936,4.940991447478167,0.9735610300965667,2.51852410973034,0.0032535329247527223
2025-10-30 13:49:22.460180044,4.932640893202358,0.9719156570355016,2.617008573285536,0.003923287385961816
2025-10-30 13:49:22.585350037,4.936049402357138,0.9725872614531768,3.9337587003200896,0.008395144649382402
2025-10-30 13:49:22.710230112,4.952654627456216,0.975859114931226,6.07835664965655,0.015215157278240077
2025-10-30 13:49:22.835109949,4.963403425535955,0.977977032163435,8.000567505373228,0.015307582417592669
2025-10-30 13:49:22.960180044,4.952890201427348,0.9759055318579577,8.519621415731804,0.008995807067871064
2025-10-30 13:49:23.085360050,4.929290120547211,0.9712554288783715,7.144092722770331,0.0042249453145079
2025-10-30 13:49:23.210540056,4.906860397257086,0.9668359303337504,4.523141940794695,0.0023998906496343064
2025-10-30 13:49:23.335520029,4.892271678310772,0.9639614043613544,3.636101662612035,0.0022816252484232358
2025-10-30 13:49:23.460489988,4.886131828499037,0.9627516231725199,5.609004446580784,0.003328469823375979
2025-10-30 13:49:23.585269928,4.884879968411896,0.9625049596822206,6.945383385793113,0.005887420639392071
2025-10-30 13:49:23.710150003,4.879998446322427,0.9615431163509013,6.673772131135061,0.009872898844767386
2025-10-30 13:49:23.835220098,4.859025370116622,0.9574106320322654,6.693036827666497,0.013648089528688678
2025-10-30 13:49:23.960099936,4.813035880245847,0.9483489739403335,9.767397485643347,0.013563785525410488
2025-10-30 13:49:24.085180044,4.745298784071774,0.9350022199886262,14.37628974583592,0.008905895293567778
2025-10-30 13:49:24.210150003,4.6665800637374835,0.9194916733157211,17.771549354074672,0.0043169179311066674
2025-10-30 13:49:24.335230112,4.593278705807597,0.9050485506565793,17.855559682854274,0.0019131321196431683
2025-10-30 13:49:24.460109949,4.539036667263833,0.8943608302910326,13.61004407993152,0.0009149057797471771
2025-10-30 13:49:24.585190058,4.512050404182171,0.8890435221427562,6.149819195809905,0.0006085325523035312
2025-10-30 13:49:24.710360050,4.517501290899847,0.8901175517062982,6.550715015871164,0.0008835946341504419
2025-10-30 13:49:24.835540056,4.557859557209426,0.8980696470982705,13.880594603538716,0.002227740937802203
2025-10-30 13:49:24.960520029,4.630129819198835,0.9123096051017738,17.355719585784048,0.005602203831792996
2025-10-30 13:49:25.085489988,4.718059512711651,0.9296350596997786,15.841395175098116,0.010031248787150449
2025-10-30 13:49:25.210570097,4.793357333137338,0.9444715605107793,11.043317468816603,0.009552201800814175
2025-10-30 13:49:25.335649967,4.835302907483247,0.9527364152473805,6.0133863819554305,0.004345133901870302
2025-10-30 13:49:25.460619926,4.847437221474615,0.9551273311909773,3.4519175147093244,0.001714617267719598
2025-10-30 13:49:25.585500002,4.845735275193112,0.9547919838031905,3.2074718424870086,0.0014888226409351946
2025-10-30 13:49:25.710680008,4.845500227651716,0.9547456706029034,3.61360694267293,0.0017751869773598994
2025-10-30 13:49:25.835550070,4.853789189504155,0.9563789076415167,4.47034440400681,0.002997019526415179
2025-10-30 13:49:25.960429907,4.864237767669766,0.958437670266404,5.7604506765813905,0.0049413388920012125
2025-10-30 13:49:26.085309982,4.863359700431836,0.9582646580169921,8.530364297946601,0.007356038603532955
2025-10-30 13:49:26.209889889,4.84498807358354,0.9546447570013558,14.254807175359021,0.014985252841105856
2025-10-30 13:49:26.334860086,4.8125996708035785,0.9482630242845879,18.92491225543717,0.01816270056735647
2025-10-30 13:49:26.459939957,4.777767627491803,0.9413998025349757,22.481238104412263,0.018248612775807693
2025-10-30 13:49:26.585020065,4.741071328369541,0.9341692523197075,21.448295829834805,0.013736022877984366
2025-10-30 13:49:26.709889889,4.70312850936987,0.9266930908361776,18.193387612115593,0.010910598624610746
2025-10-30 13:49:26.834969997,4.662213606813429,0.9186313171815237,16.52918901671658,0.010013561335822319
2025-10-30 13:49:26.959949970,4.6232592456109876,0.9109558438636415,18.772023995751386,0.010585298897969664
2025-10-30 13:49:27.085030079,4.605831439733813,0.9075219110543133,21.039531236027052,0.011626465410844555
2025-10-30 13:49:27.209899902,4.625979131485648,0.9114917636121428,22.903245740577734,0.017667481976972987
2025-10-30 13:49:27.334880114,4.6935015160722235,0.9247962113108399,20.946433728695535,0.027522903070622107
2025-10-30 13:49:27.459559917,4.772703271318185,0.9404019340169719,17.13235463884069,0.03566876912451322
2025-10-30 13:49:27.584530115,4.823309245662796,0.9503732130680875,11.734683840737294,0.023222305500693707
2025-10-30 13:49:27.709310055,4.836802405286718,0.9530318726756501,6.120876617399177,0.006647882036564412
2025-10-30 13:49:27.834389925,4.835565399390933,0.9527881360193662,3.537258989548122,0.0020967021528974783
2025-10-30 13:49:27.959559917,4.836337900628505,0.9529403477988433,4.713489210554322,0.0031572054345906375
2025-10-30 13:49:28.084539890,4.83968687327328,0.9536002212862739,5.496417494009166,0.004195091668418471
2025-10-30 13:49:28.209520102,4.840924338284875,0.953844048405629,5.233126867033896,0.004500457302671124
2025-10-30 13:49:28.334700108,4.837056233131067,0.9530818863015061,4.355823085319008,0.004370114149682691
2025-10-30 13:49:28.459680080,4.82764344282633,0.9512272128169286,4.101076337237092,0.00484371213861623
2025-10-30 13:49:28.584749937,4.813464208680037,0.9484333707412677,4.854829262621601,0.005428649651309958
2025-10-30 13:49:28.709929943,4.797392565138501,0.9452666528855569,5.595628381704685,0.005248611330701869
2025-10-30 13:49:28.834909916,4.783547722905087,0.9425386985853798,5.534957370083983,0.004395040024854913
2025-10-30 13:49:28.959779978,4.778232245702899,0.9414913497859685,4.8341572750089545,0.003602259226805238
2025-10-30 13:49:29.084660053,4.788303098913435,0.943475686397319,4.6510077295940935,0.0038794276840299347
2025-10-30 13:49:29.209640026,4.815170029907803,0.9487694816391141,5.628530412530255,0.005698364773384257
2025-10-30 13:49:29.334520102,4.84952771015613,0.9555392360355444,6.496743742272047,0.007708669452083927
2025-10-30 13:49:29.459500074,4.878558575795808,0.9612594077373565,6.451555332293601,0.007924649579313714
2025-10-30 13:49:29.584369898,4.89544576374084,0.9645868184940763,5.686428862916865,0.00624891133581873
2025-10-30 13:49:29.709450006,4.901916604227937,0.9658618172867628,4.910606919268635,0.004306914811534224
2025-10-30 13:49:29.834330082,4.904022018173677,0.9662766629693718,4.657611958609798,0.0034795610719158265
2025-10-30 13:49:29.959310055,4.907181712340526,0.9668992414823213,4.868530019047947,0.004410233142764675
2025-10-30 13:49:30.084280014,4.913410465447342,0.968126539961857,4.939647782948901,0.006346752983755866
2025-10-30 13:49:30.209359884,4.919284214783271,0.9692838893551524,4.505723231021188,0.007101134747851345
2025-10-30 13:49:30.334239960,4.918105381703325,0.9690516149301055,3.8198797555343282,0.005539354340395541
2025-10-30 13:49:30.459310055,4.909923485435403,0.9674394738358709,3.0964937964547903,0.003455735639783075
2025-10-30 13:49:30.584189892,4.900852829113873,0.9656522136056296,2.7513870533267397,0.0026141095879529397
2025-10-30 13:49:30.709069967,4.894335025461612,0.9643679613042213,2.807494422880658,0.0025929591591721257
2025-10-30 13:49:30.834249973,4.8907550454002795,0.9636625706729514,2.9739149932065976,0.0026160142877923453
2025-10-30 13:49:30.959219933,4.88968509855472,0.9634517509287392,3.689647023553202,0.0034859947089010968
2025-10-30 13:49:31.084199905,4.88904672938879,0.9633259682089408,4.962429591491853,0.0057474938926554975
2025-10-30 13:49:31.209180117,4.8849959540090175,0.9625278132043549,5.92898581078906,0.007462101657837561
2025-10-30 13:49:31.334150076,4.875789785256661,0.9607138519317925,5.924126731667546,0.007110127808435784
2025-10-30 13:49:31.459130049,4.86383040161834,0.9583574038427786,4.9708555221527,0.005097683778727102
2025-10-30 13:49:31.584209919,4.854359932378537,0.9564913654400393,3.6715250364965506,0.0028504348971352123
2025-10-30 13:49:31.709180117,4.8559315808271615,0.9568010392573,3.922262184984069,0.002919994707312079
2025-10-30 13:49:31.834259987,4.873178799701835,0.9601993896394886,5.5689361095712,0.006812069445005897
2025-10-30 13:49:31.959039927,4.896107841853119,0.9647172727674437,6.423500979998368,0.010144613002037284
2025-10-30 13:49:32.084120035,4.907905704987515,0.9670418952461818,5.5984684788123085,0.007662725918474056
2025-10-30 13:49:32.209189892,4.906850521836559,0.9668339845047234,3.8233075811717008,0.0034085591433792306
2025-10-30 13:49:32.334069967,4.906354812281511,0.9667363110903546,3.673422777337642,0.0031528199858984474
2025-10-30 13:49:32.459049940,4.913609381247101,0.968165733850973,4.834464829135175,0.005250740995425995
2025-10-30 13:49:32.584019899,4.918707210481854,0.969170197820158,5.644196319086713,0.0061643135701570095
2025-10-30 13:49:32.709000111,4.911578087182846,0.9677654925709293,6.419560456102817,0.006367227785309293
2025-10-30 13:49:32.834079981,4.89068289236816,0.9636483538136384,7.002011512715114,0.006881628765369352
2025-10-30 13:49:32.959160089,4.86235761970368,0.9580672104487633,6.602258882630474,0.006497247459100741
2025-10-30 13:49:33.084130049,4.83540994323022,0.9527575053126413,5.62002484736331,0.00472210066495915
2025-10-30 13:49:33.209009886,4.820676386944413,0.9498544409404256,6.825801680247457,0.003433570679182263
2025-10-30 13:49:33.333990097,4.8274518107306665,0.9511894540912887,9.072806975552771,0.004368724992843465
2025-10-30 13:49:33.459059954,4.860426787640716,0.9576867639589962,9.604480859932357,0.008815779380299538
2025-10-30 13:49:33.584140062,4.910373394805437,0.9675281228923197,7.811054111992055,0.013988854647863036
2025-10-30 13:49:33.708920002,4.951574879075574,0.9756463639161966,4.789720989108134,0.011849883302925468
2025-10-30 13:49:33.833889961,4.962789806170846,0.9778561260846586,3.2493530064126612,0.007560770949986528
2025-10-30 13:49:33.959069967,4.954001527144258,0.9761245047951159,4.626123065175418,0.008444743373052344
2025-10-30 13:49:34.084150076,4.942709145980776,0.9738994812639835,5.941704031337391,0.00917596320701708
2025-10-30 13:49:34.208930016,4.930735669464297,0.9715402563482695,6.319487953535476,0.00845913615951066
2025-10-30 13:49:34.334000111,4.915843505746665,0.9686059403504743,5.618156231063889,0.006726217060896489
2025-10-30 13:49:34.458879948,4.898863021366379,0.965260146689316,4.1282647687291085,0.004606690000318325
2025-10-30 13:49:34.583859921,4.884088989454513,0.9623491070974266,3.6445733726408913,0.003000341351556468
2025-10-30 13:49:34.709029913,4.876616400969041,0.9608767262967846,5.083953654241254,0.002790937657222825
2025-10-30 13:49:34.834009886,4.882090638554451,0.9619553568589493,6.221058686140487,0.005098700811006607
2025-10-30 13:49:34.959290028,4.901566274658299,0.9657927891938556,6.0275974364667055,0.00994287408983785
2025-10-30 13:49:35.084160089,4.925252373874943,0.9704598410188684,4.669027098431642,0.012454915811207168
2025-10-30 13:49:35.209239960,4.934123237413819,0.9722077345614006,3.2148893256522846,0.009125676180878894
2025-10-30 13:49:35.334320068,4.921210945918612,0.9696635278080381,3.2316008542980676,0.006783500851964108
2025-10-30 13:49:35.459199905,4.896539870396453,0.9648023986289536,4.292604727989988,0.00720987733568057
2025-10-30 13:49:35.584270000,4.870161027367587,0.9596047750619169,5.23744648487858,0.006950106189057226
2025-10-30 13:49:35.709450006,4.846307164449417,0.9549046674820407,5.606608341451184,0.004964927512556061
2025-10-30 13:49:35.834530115,4.828962431246202,0.9514871031118999,5.361104695750495,0.0033128297663111983
2025-10-30 13:49:35.959599972,4.822209966553981,0.9501566137655147,4.866855599690728,0.0032245638635965967
2025-10-30 13:49:36.084579945,4.825008529075393,0.9507080357706117,4.3767419114238395,0.003690818141304897
2025-10-30 13:49:36.209059954,4.8311198865014156,0.9519122028885296,3.75903679857181,0.0032641767279592004
2025-10-30 13:49:36.334039927,4.836188711582872,0.9529109519493483,3.4328069960248278,0.002356764158352398
2025-10-30 13:49:36.458909988,4.839622106843521,0.9535874598652632,4.134975958839422,0.002456713565300195
2025-10-30 13:49:36.584089994,4.843026041992617,0.9542581630318974,5.188914250200999,0.004407277771731666
2025-10-30 13:49:36.709069967,4.8460327424596485,0.9548505960354737,5.474304007280012,0.006238830343917479
2025-10-30 13:49:36.833940029,4.847205664241278,0.9550817057125667,4.870764917853971,0.0055639808464816864
2025-10-30 13:49:36.958820105,4.850238305556396,0.9556792500382438,4.206308442317325,0.004117234100496581
2025-10-30 13:49:37.084000111,4.864264920921394,0.9584430204775723,4.078334513896696,0.005278399866722294
2025-10-30 13:49:37.209270000,4.891402116912487,0.9637900680820578,4.050643992816945,0.008487693843047595
2025-10-30 13:49:37.334350109,4.920551006506652,0.96953349493902,3.6910412453204855,0.01006884283631937
2025-10-30 13:49:37.459229946,4.9381157174932175,0.9729944032006923,3.006139668413795,0.008521967996737434
2025-10-30 13:49:37.584100008,4.938183860941624,0.9730078300213072,2.393683129516311,0.006373904374271766
2025-10-30 13:49:37.708780050,4.927474915644035,0.9708977652851114,2.0896687553210436,0.0055120160871579005
2025-10-30 13:49:37.833659887,4.9193282255653745,0.9692925611334413,2.0366177773274003,0.005912053716769394
2025-10-30 13:49:37.958640099,4.920260561194022,0.9694762662955875,2.1648405847558387,0.007301975631030744
2025-10-30 13:49:38.083709955,4.924369445415541,0.9702858709261099,2.5383698752671955,0.009734240387676563
2025-10-30 13:49:38.208489895,4.921671680822357,0.9697543099015226,2.762879207350912,0.01002367882869759
2025-10-30 13:49:38.333570004,4.910003354320493,0.9674552110082314,2.52942416503658,0.007498784875262232
2025-10-30 13:49:38.458539963,4.8965855253178034,0.9648113943644716,2.046251324238545,0.005114117965964393
2025-10-30 13:49:38.583519936,4.891178079320079,0.9637459242555478,2.0661789816429263,0.005086298717377313
2025-10-30 13:49:38.708300114,4.896423144070352,0.9647793991553687,2.4291408163544164,0.006863137397158159
2025-10-30 13:49:38.833379984,4.909703544052709,0.9673961371166371,2.505047211395027,0.008519948445016134
2025-10-30 13:49:38.958250046,4.92674721846204,0.970754381588614,2.3487407098134527,0.008405390763376874
2025-10-30 13:49:39.083230019,4.943032901602627,0.973963273290353,2.513289722717021,0.007690189754303134
2025-10-30 13:49:39.208410025,4.955465701831644,0.9764130022418419,3.0817260282074073,0.007821161972425661
2025-10-30 13:49:39.333379984,4.9585748359720725,0.9770256185292086,3.5630904811567725,0.007592817874235269
2025-10-30 13:49:39.458260059,4.949387515342954,0.9752153710453605,3.701093982674177,0.006094905475312551
2025-10-30 13:49:39.583440065,4.9324665438074105,0.9718813036515004,3.5561267028791312,0.003991595489813982
2025-10-30 13:49:39.708620071,4.917447959100642,0.9689220779671133,3.609975760904081,0.0035129259842171523
2025-10-30 13:49:39.833590031,4.913417670545048,0.9681279596369201,4.7998255209957374,0.006606969304679078
2025-10-30 13:49:39.958869934,4.91587449699483,0.9686120467912176,6.752297013676605,0.010568353847631329
2025-10-30 13:49:40.083750010,4.909676014044184,0.9673907126701988,8.410996406349547,0.010465715561595368
2025-10-30 13:49:40.208719969,4.888563614513368,0.9632307764198493,9.00968572314845,0.007329096835273052
2025-10-30 13:49:40.333800077,4.860922815073156,0.957784500007159,8.312462755710428,0.004861663020801488
2025-10-30 13:49:40.458780050,4.837372873991084,0.9531442764523748,6.6985750942181,0.0036524341675897576
2025-10-30 13:49:40.583849907,4.822627482363985,0.9502388800730747,5.236399351741899,0.0031606275007662887
2025-10-30 13:49:40.708529949,4.815837858380559,0.9489010689496318,5.5536487741820695,0.003795807233917481
2025-10-30 13:49:40.833509922,4.812076958241632,0.9481600302629097,7.408694076956411,0.006927268026598266
2025-10-30 13:49:40.958389997,4.796876839821197,0.9451650356136999,9.410540454575605,0.011230384873787802
2025-10-30 13:49:41.083460093,4.7490750553435905,0.9357462873662757,11.697628345011351,0.011318619659833828
2025-10-30 13:49:41.208240032,4.65728274917872,0.917659752893438,13.376713298134185,0.007014240281832618
2025-10-30 13:49:41.333220005,4.536019812550865,0.8937663965193434,12.302802898825833,0.002604655992430205
2025-10-30 13:49:41.458290100,4.44220111079146,0.8752805859491133,3.0905224894226238,0.00016742202385122695
2025-10-30 13:49:41.583369970,4.4732514542402715,0.8813986706845778,3.090754824602519,0.00018880645051322364
2025-10-30 13:49:41.708349943,4.503272143550763,0.8873138748536212,3.088380505045376,0.00021306252254360558
2025-10-30 13:49:41.833630085,4.532283964364298,0.8930302940088534,3.095515014624035,0.00024224886899815168
2025-10-30 13:49:41.958899975,4.5604003230902315,0.8985702734754754,3.0952713311929965,0.00027488353054838655
2025-10-30 13:49:42.084079981,4.587571705059285,0.9039240570025528,3.093134883366983,0.0003121411638562499
2025-10-30 13:49:42.209160089,4.613790996784958,0.9090902429658735,3.0907604913228854,0.00035495172267441255
2025-10-30 13:49:42.334130049,4.6390580253823845,0.9140687973006203,3.088142510420356,0.0004040982564098572
2025-10-30 13:49:42.458610058,4.663365629852343,0.9188583090207897,3.0764986664847145,0.00045798182446743496
2025-10-30 13:49:42.583689928,4.68663374138386,0.9234430015611069,3.0907548246025276,0.0005273622334230899
2025-10-30 13:49:42.708970070,4.709040483606428,0.9278579719716397,3.095515014623968,0.0006042811679343174
2025-10-30 13:49:42.833839893,4.730481342532569,0.9320826270685318,3.08576260426296,0.0006861442057717326
2025-10-30 13:49:42.958620071,4.75082004353235,0.93609011562759,3.083632083543058,0.0007815046982967422
2025-10-30 13:49:43.083600044,4.770072981844074,0.9398836681270007,3.088380505045335,0.0008920551872745319
2025-10-30 13:49:43.208470106,4.788235263882255,0.9434623203464901,3.0857682706194822,0.001010704795996853
2025-10-30 13:49:43.333450079,4.805200274257572,0.9468050650470548,3.0883805050454813,0.001143916469781181
2025-10-30 13:49:43.458230019,4.820929423670559,0.94990429868626,3.0836264173427232,0.0012816303943726792
2025-10-30 13:49:43.583309889,4.835298909020912,0.9527356274000118,3.0907548246024916,0.0014363276201316832
2025-10-30 13:49:43.708080053,4.8482708195351325,0.9552915813409949,3.0833941034842653,0.0015815178230246252
2025-10-30 13:49:43.833159924,4.859654642085318,0.9575346222622764,3.090754824602496,0.0017392600056806984
2025-10-30 13:49:43.958039999,4.869368855326408,0.9594486873947712,3.0860062579697654,0.0018755784536882425
2025-10-30 13:49:44.083110094,4.877180917233949,0.960987957219204,3.090522489422648,0.002006694492877381
2025-10-30 13:49:44.207789898,4.882887337161442,0.9621123364296982,3.0812466498809608,0.0020961066012770146
2025-10-30 13:49:44.332870007,4.886143675239053,0.9627539574255813,3.090760491322856,0.0021799908456283656
2025-10-30 13:49:44.458050013,4.886544585468743,0.9628329518096724,4.32015031501327,0.004053501984607744
2025-10-30 13:49:44.583220005,4.871515182853999,0.9598715945908063,7.9518103064848065,0.015612423647472506
2025-10-30 13:49:44.708199978,4.842183332530993,0.9540921175933954,8.54040619888826,0.016081214099280428
2025-10-30 13:49:44.833179951,4.788226978696706,0.9434606878535252,7.5859265809719645,0.009949319930203981
2025-10-30 13:49:44.957950115,4.743298101038634,0.9346080102322757,4.687755337149007,0.003689339470560715
2025-10-30 13:49:45.082829952,4.730486964166953,0.9320837347418036,3.933363669942813,0.002849290968206186
2025-10-30 13:49:45.207710028,4.76813283884913,0.9395013870336675,6.4390005380345325,0.006691845947088604
2025-10-30 13:49:45.332690001,4.825195889707796,0.9507449528574395,8.711838615421257,0.016106173308356397
2025-10-30 13:49:45.457859993,4.871355342192944,0.9598400999727155,6.962018250636952,0.011154610812539767
2025-10-30 13:49:45.583039999,4.888701111173891,0.9632578684300008,4.798576671935127,0.005347593124378602
2025-10-30 13:49:45.707819939,4.883395715716094,0.962212506113173,3.903306132293366,0.003527487630280546
2025-10-30 13:49:45.832690001,4.876199930499993,0.9607946659606837,4.85191033920795,0.005455531631180732
2025-10-30 13:49:45.957770109,4.866265168613417,0.95883714445536,4.298560183801665,0.004289059859209243
2025-10-30 13:49:46.082950115,4.854849720983616,0.9565878722047159,3.340454532840254,0.0024352985702834617
2025-10-30 13:49:46.207819939,4.849698592247155,0.9555729062303489,3.9378614911289094,0.003918420244132137
2025-10-30 13:49:46.332700014,4.85210562322511,0.9560471818050551,6.079809974182581,0.008830829876236068
2025-10-30 13:49:46.457679987,4.852342798055481,0.9560939141612278,9.08932850128116,0.013479704424241401
2025-10-30 13:49:46.582560062,4.835781433023495,0.9528307027649452,10.544269557058753,0.010108552567059226
2025-10-30 13:49:46.707629919,4.808196507825318,0.9473954356780571,11.384815905654031,0.006833951263707672
2025-10-30 13:49:46.832509995,4.777129737672951,0.9412741142645684,9.755843096357538,0.00409200486678063
2025-10-30 13:49:46.957489967,4.7530534006129,0.9365301709167008,7.629220579813249,0.003306425374269617
2025-10-30 13:49:47.082459927,4.735780324241256,0.9331267256357143,6.1893123683371325,0.0031458500770499276
2025-10-30 13:49:47.207540035,4.730258438446765,0.9320387065854275,8.522355179286357,0.004107369530073068
2025-10-30 13:49:47.332520008,4.738038078529474,0.933571588091743,12.023885900727434,0.0066797410803336454
2025-10-30 13:49:47.457499981,4.764282684633919,0.9387427619391625,13.575432388256296,0.011843421093656104
2025-10-30 13:49:47.582570076,4.802531538458113,0.9462792237859242,12.851679147171588,0.018268674261224804
2025-10-30 13:49:47.707449913,4.8362679529704025,0.9529265654811042,10.30324997132924,0.01989054111632682
2025-10-30 13:49:47.832329988,4.846647577604234,0.954971741668504,7.487623782383701,0.015430211819000839
2025-10-30 13:49:47.957400084,4.835507444930333,0.9527767168123185,5.1637388595087765,0.009563309618845217
2025-10-30 13:49:48.082380056,4.8280814435418025,0.9513135154208231,4.139148578170999,0.007776011280972606
2025-10-30 13:49:48.207560062,4.843553409953716,0.954362074342189,4.359569504110354,0.0104275508569186
2025-10-30 13:49:48.332740068,4.869973729302422,0.9595678703031867,4.665696975580068,0.011386191080277275
2025-10-30 13:49:48.457710028,4.884275496959827,0.9623858560861517,4.772808208312062,0.008272659545772276
2025-10-30 13:49:48.582690001,4.880609854382408,0.9616635867194522,5.503110815778291,0.00671820162675163
2025-10-30 13:49:48.707969904,4.8633355207400015,0.958259893708869,6.9086456195842025,0.007731525652865501
2025-10-30 13:49:48.833139896,4.83709950858848,0.9530904131931927,8.290525059941016,0.00830163035437903
2025-10-30 13:49:48.957619905,4.805387438432164,0.9468419434243095,8.723347661958625,0.007111274763405895
2025-10-30 13:49:49.082799911,4.773905738929641,0.9406388653330674,8.062912382512474,0.00551184759186496
2025-10-30 13:49:49.207770109,4.747709022781621,0.9354771276070831,6.944051489783109,0.004727286692302157
2025-10-30 13:49:49.332750082,4.728265730382777,0.9316460681977516,5.977538554335889,0.004132933874322009
2025-10-30 13:49:49.457530022,4.712303579263873,0.9285009244647445,5.34799710548968,0.0034392169587991184
2025-10-30 13:49:49.582509995,4.693916059206764,0.9248778918896008,6.045961949629852,0.004405581793552327
2025-10-30 13:49:49.707580090,4.666504002453675,0.9194766863839278,8.606265246493278,0.008439823654910139
2025-10-30 13:49:49.832360029,4.62784684144683,0.9118597726753154,11.085629529257687,0.011188077829542786
2025-10-30 13:49:49.957439899,4.583367697921343,0.9030957095821506,11.5798807099199,0.00873205312841363
2025-10-30 13:49:50.082119942,4.5475072015456925,0.8960298439229272,9.743830722361556,0.004996406999576486
2025-10-30 13:49:50.207190037,4.537520828894808,0.8940621531571628,7.772827032844356,0.0038977682882093134
2025-10-30 13:49:50.332170010,4.56099600162255,0.8986876445358578,9.274844389918195,0.005932449418589947
2025-10-30 13:49:50.457250118,4.60458830053349,0.9072769659065055,12.321214743519405,0.010046188109154253
2025-10-30 13:49:50.582119942,4.649608141535237,0.9161475667254594,13.587947212949457,0.013378818217192112
2025-10-30 13:49:50.707200050,4.682788291518432,0.9226853034003297,12.439732153515488,0.012864349329115288
2025-10-30 13:49:50.832279921,4.7002259523952254,0.9261211780149984,9.846354964876241,0.008883395833449437
2025-10-30 13:49:50.957250118,4.7093263462370025,0.92791429765446,7.119239433712213,0.0045674676675677706
2025-10-30 13:49:51.082329988,4.718825277625425,0.9297859441702719,5.41643624385121,0.0023705694032237767
2025-10-30 13:49:51.207309961,4.737019985561912,0.9333709855105061,4.855711537856628,0.0019763634472464986
2025-10-30 13:49:51.332590103,4.7619880207221925,0.9382906268999962,4.837150895451681,0.002340118173184469
2025-10-30 13:49:51.457560062,4.789520310269689,0.9437155227853063,4.9790786577252435,0.003054076567608033
2025-10-30 13:49:51.582439899,4.815560052158292,0.9488463306820609,5.1827576756861795,0.004397708839795844
2025-10-30 13:49:51.707520008,4.835519890668614,0.9527791690905524,5.259800608360264,0.006495880130242493
2025-10-30 13:49:51.832590103,4.842985401829454,0.9542501553922296,4.872664313654184,0.0072910173821523205
2025-10-30 13:49:51.957469940,4.832733675586238,0.9522301799950433,4.091100871078468,0.0053323629340432666
2025-10-30 13:49:52.082350016,4.810488432292009,0.9478470309435849,3.369396179083131,0.0031765218158426034
2025-10-30 13:49:52.207329988,4.7907392899169805,0.9439557075930922,3.309317600005173,0.003155021789748358
2025-10-30 13:49:52.332200050,4.782315150896128,0.942295835571455,3.797828854061489,0.004224429253690043
2025-10-30 13:49:52.457079887,4.784289971817306,0.9426849495196808,4.57792348686607,0.005668737105230304
2025-10-30 13:49:52.582060099,4.790906388396953,0.9439886322743064,4.953656317309569,0.006250243380143572
2025-10-30 13:49:52.707230091,4.797522436613827,0.9452922424476199,4.92768021826011,0.006091637878529954
2025-10-30 13:49:52.832309961,4.80554427027359,0.9468728451918422,4.837019698181826,0.006895143809955484
2025-10-30 13:49:52.957489967,4.8238403779689705,0.9504778660958478,4.688868555119347,0.009361489103340448
2025-10-30 13:49:53.082560062,4.858653515746521,0.9573373627446237,4.186481622637797,0.010382179201143926
2025-10-30 13:49:53.207639933,4.902045429067229,0.9658872006221877,3.3986629391423913,0.008201280769413843
2025-10-30 13:49:53.332619905,4.940467106193603,0.9734577151553149,2.772738224773302,0.005757779431236454
2025-10-30 13:49:53.457499981,4.966200812377552,0.9785282225154186,2.644314752123317,0.005198768455427549
2025-10-30 13:49:53.582570076,4.975881872219037,0.9804357551820685,2.9278681617784637,0.006173482242738282
2025-10-30 13:49:53.707449913,4.967711664894957,0.9788259172491183,3.1834698674224957,0.006936040265227095
2025-10-30 13:49:53.832129955,4.941538536025869,0.9736688271036484,3.187157414276396,0.006569945811370159
2025-10-30 13:49:53.957200050,4.902556547547643,0.9659879101740222,2.889906171370794,0.005139294489655111
2025-10-30 13:49:54.081979990,4.861962629942054,0.957989382619411,2.462208644593914,0.003654384882968875
2025-10-30 13:49:54.207060099,4.8335094820983695,0.9523830430378426,2.490207056764758,0.003737752223649249
2025-10-30 13:49:54.331939936,4.8271563073762795,0.9511312288235156,3.522757527091809,0.007301847809339956
2025-10-30 13:49:54.457010031,4.839797620570414,0.9536220426664208,4.9993438186488035,0.01313337726157282
2025-10-30 13:49:54.581789970,4.8523262878528595,0.9560906610307494,6.127622035463104,0.014619450704951742
2025-10-30 13:49:54.706969976,4.848109789523207,0.955259852376079,6.420919210243343,0.010008892180429552
2025-10-30 13:49:54.831840038,4.831182326317687,0.9519245058792339,5.8296563083727335,0.005250062204123052
2025-10-30 13:49:54.957020044,4.81461965642012,0.9486610373753864,4.84496407479911,0.0032452547025170198
2025-10-30 13:49:55.081799984,4.805784022029302,0.9469200852991646,4.106163261288573,0.003058755598137619
2025-10-30 13:49:55.206880093,4.803820098887034,0.9465331186229942,3.9160875202490044,0.003367908165259892
2025-10-30 13:49:55.331850052,4.806216878795157,0.9470053743516411,3.988999264558845,0.003478768246192865
2025-10-30 13:49:55.457129955,4.810542170326297,0.9478576193561683,4.324735406984109,0.003923165834928133
2025-10-30 13:49:55.581909895,4.817151201228898,0.9491598468548135,4.762802601404555,0.005177233741778142
2025-10-30 13:49:55.706979990,4.824877614849146,0.9506822407474237,5.345209442196068,0.007415214740766118
2025-10-30 13:49:55.831759930,4.826698302723425,0.9510409846920773,6.260481535492778,0.009499676059191553
2025-10-30 13:49:55.956739902,4.812153169857322,0.9481750468157343,7.117670063525704,0.008396547817787647
2025-10-30 13:49:56.081720114,4.779922329005703,0.9418243597210629,7.180765484932089,0.005417756049856615
2025-10-30 13:49:56.206789970,4.743233219316053,0.9345952260942456,6.314034359555546,0.003649966920255543
2025-10-30 13:49:56.331769943,4.717500927026844,0.9295249973245491,5.371361684933812,0.0037249721838104044
2025-10-30 13:49:56.456850052,4.712231073517423,0.9284866381074514,6.046775110810969,0.005121225525042017
2025-10-30 13:49:56.581919909,4.726861497341036,0.9313693815082188,7.364267632974171,0.006883414883841477
2025-10-30 13:49:56.707099915,4.755590199959522,0.9370300157375829,7.823652986285691,0.008004798783388112
2025-10-30 13:49:56.831680059,4.788767227646281,0.943567137202699,7.392371047888491,0.008159277712798785
2025-10-30 13:49:56.956759930,4.817989673028536,0.9493250573146249,6.853368426999894,0.008608997685311759
2025-10-30 13:49:57.081729889,4.837470343452093,0.9531634815997367,6.604254768530814,0.010286458793344555
2025-10-30 13:49:57.206609964,4.842538146361402,0.9541620292542224,5.962944264005492,0.009931965478257032
2025-10-30 13:49:57.331490040,4.833214740395082,0.952324967843964,4.571139231888699,0.006230090923556975
2025-10-30 13:49:57.456559896,4.819588236721026,0.9496400344465789,3.2949412810077505,0.003252121515288753
2025-10-30 13:49:57.581439972,4.817038618289404,0.949137663784126,3.1629876433659994,0.0028742432113141314
2025-10-30 13:49:57.706520081,4.832029573427631,0.9520914454050096,3.7062038914285327,0.004136608347757198
2025-10-30 13:49:57.831399918,4.8598038945223365,0.9575640306022568,4.225988556434104,0.00613028744046995
2025-10-30 13:49:57.956569910,4.889089491658682,0.9633343939833967,4.864695447278893,0.008822214033172293
2025-10-30 13:49:58.081749916,4.907995508385481,0.9670595898909832,6.010968096725185,0.011163388459679902
2025-10-30 13:49:58.206929922,4.903899838923778,0.9662525890648421,8.266484724788706,0.011214464402544921
2025-10-30 13:49:58.332010031,4.869818748402294,0.9595373332406605,11.206392440022034,0.00857078680741441
2025-10-30 13:49:58.457089901,4.814120946181926,0.9485627727136526,13.337677685930187,0.005278308547525534
2025-10-30 13:49:58.581860065,4.756350418523011,0.9371798073686022,13.526376595429946,0.0033585217629953368
2025-10-30 13:49:58.706939936,4.710832514596514,0.928211069432993,11.619780054299262,0.002671461413626619
2025-10-30 13:49:58.831619978,4.681490884146533,0.9224296653829667,8.533628133017338,0.0026566735744472103
2025-10-30 13:49:58.956789970,4.666710533838172,0.9195173808294809,7.0407350514155125,0.002872682705922558
2025-10-30 13:49:59.081670046,4.663478348809624,0.9188805188920934,8.365542275317125,0.0029324735757711995
2025-10-30 13:49:59.206650019,4.6676944823301465,0.9197112556656533,9.325312143688114,0.0029338004109571436
2025-10-30 13:49:59.331429958,4.673678367973487,0.9208903060511551,8.48984110256423,0.003410595903045488
2025-10-30 13:49:59.456399918,4.674654891171729,0.9210827178253707,7.289448270527612,0.0043936127594796925
2025-10-30 13:49:59.581379890,4.663408260647739,0.9188667088898282,7.087189686420846,0.004269571649590742
2025-10-30 13:49:59.706459999,4.641764293589873,0.9146020338568472,6.318694187434222,0.002905008368606854
2025-10-30 13:49:59.831330061,4.622772070924536,0.9108598521391829,4.7573770464749785,0.001857380794470953
2025-10-30 13:49:59.956409931,4.621150572039933,0.9105403559123274,6.733234614136433,0.001889701815102507
2025-10-30 13:50:00.081389904,4.642366551752311,0.9147207013516689,10.16374875892837,0.002916506176252831
2025-10-30 13:50:00.206470013,4.683462809800382,0.9228182088547054,11.70516468680236,0.004926065620753928
2025-10-30 13:50:00.331239939,4.735741144222526,0.9331190056993818,10.482415991687699,0.007074433454661078
2025-10-30 13:50:00.456219912,4.784677374404869,0.942761282390567,7.625576153919584,0.007678920684735635
2025-10-30 13:50:00.581199884,4.814739176954577,0.948684587413042,4.96315278262205,0.006362582224097024
2025-10-30 13:50:00.706269979,4.820097228973233,0.9497403250515388,3.8550217629021244,0.005290729730292543
2025-10-30 13:50:00.831150055,4.809181365699251,0.9475894896966557,3.566350052317635,0.004676802637616162
2025-10-30 13:50:00.956130028,4.794183577042782,0.9446343616158299,3.330361740462288,0.003955793230797089
2025-10-30 13:50:01.081110001,4.7830942088329245,0.9424493392671232,3.2241461022869298,0.0031170149861188268
2025-10-30 13:50:01.206079960,4.776351151285133,0.941120703481773,3.1982464783002578,0.002750923167799235
2025-10-30 13:50:01.331160069,4.7703790385661655,0.9399439728048765,3.099381381044772,0.0034239097992897483
2025-10-30 13:50:01.456039906,4.7641391163030224,0.9387144735817341,2.9826885956076614,0.004618650983025385
2025-10-30 13:50:01.581010103,4.760076362976028,0.9379139584713353,3.107342547701331,0.005025848499743857
2025-10-30 13:50:01.705889940,4.763368862165278,0.9385627045653838,3.586942540341286,0.0054285848626500766
2025-10-30 13:50:01.830970049,4.777671339168062,0.9413808301160504,4.247943389387622,0.006924021759929566
2025-10-30 13:50:01.955849886,4.797717909065623,0.9453307578677638,4.661023835560165,0.008267288570339537
2025-10-30 13:50:02.080820084,4.816307869831076,0.948993678871504,4.705803016318469,0.00862860799758558
2025-10-30 13:50:02.206000090,4.832468060619327,0.9521778438630052,4.584083985354435,0.008195326952510684
2025-10-30 13:50:02.331180096,4.847347023558562,0.9551095588112842,4.442592814247441,0.007573030209541365
2025-10-30 13:50:02.456049919,4.859313827501122,0.9574674689791369,4.083971262833028,0.006836616125990624
2025-10-30 13:50:02.581029892,4.866325584100461,0.9588490485771188,3.6699516842646585,0.006193237379936489
2025-10-30 13:50:02.705909967,4.867742597888914,0.9591282535541386,3.625402082728066,0.005572213671529824
2025-10-30 13:50:02.830879927,4.8642757774857985,0.9584451596288213,4.143412301548567,0.004748657557884894
2025-10-30 13:50:02.955559969,4.8573619738291,0.9570828804422551,5.6152128436093145,0.0049347978754819
2025-10-30 13:50:03.080539942,4.847624072047731,0.9551641477769541,7.930926243710567,0.006628698547758716
2025-10-30 13:50:03.205820084,4.832503465973289,0.9521848200485018,10.1866172000298,0.007858042379342511
2025-10-30 13:50:03.330990076,4.807986919267459,0.9473541388544429,10.926546025475526,0.006886418075006451
2025-10-30 13:50:03.455869913,4.776783467565975,0.9412058860383871,9.258002611006491,0.004668623325859489
2025-10-30 13:50:03.580950022,4.746896497555317,0.9353170295974612,5.831445667966134,0.0027611928263436836
2025-10-30 13:50:03.705820084,4.726413643655256,0.9312811374988342,5.1605284592796306,0.0017288047652562755
2025-10-30 13:50:03.830899954,4.72187386687532,0.9303866308385285,9.028527210629374,0.0016212451148044371
2025-10-30 13:50:03.955879927,4.737413321071776,0.9334484873900839,11.859387138027286,0.0028610132321919
2025-10-30 13:50:04.080859900,4.775130789174617,0.94088024627677,11.907701145464308,0.006655139349268868
2025-10-30 13:50:04.205830097,4.829321798256844,0.9515579119203712,9.525482545224573,0.013030196624185697
2025-10-30 13:50:04.330909967,4.879569989357284,0.9614586942245384,6.315388470018373,0.015513130533934993
2025-10-30 13:50:04.455689907,4.902663100684414,0.9660089051469335,4.0807965191153555,0.010990553412401516
2025-10-30 13:50:04.580760002,4.896467866906033,0.964788211234976,3.494373317910237,0.006983858938743315
2025-10-30 13:50:04.705739975,4.875896213319819,0.9607348222605009,3.341404405328544,0.004414295739485263
2025-10-30 13:50:04.830719948,4.852282940449996,0.9560821199631049,3.320360900612613,0.002938093163068811
2025-10-30 13:50:04.955800056,4.8340304475555005,0.9524856928142045,3.5472871363832383,0.00282400606342037
2025-10-30 13:50:05.080869913,4.825904331834996,0.9508845425844108,3.906789703681912,0.0036866748368290514
2025-10-30 13:50:05.205849886,4.828974414011214,0.9514894641669983,5.8083233453694705,0.008647979928941063
2025-10-30 13:50:05.330929995,4.835136141351532,0.9527035560512649,9.487688240636492,0.01882435660095716
2025-10-30 13:50:05.455699921,4.820859255072298,0.9498904728350054,12.937493241218409,0.022155448150894097
2025-10-30 13:50:05.580679893,4.767079631264014,0.9392938655529343,14.012712374487924,0.014413387645692888
2025-10-30 13:50:05.705660105,4.68185489466272,0.922501389136564,11.621667007177066,0.006262558023730214
2025-10-30 13:50:05.830640078,4.592686151258318,0.9049317951382757,6.109701205732569,0.002047876116778591
2025-10-30 13:50:05.955810070,4.53134348765548,0.8928449847479183,4.465895199770142,0.0009719593174604135
2025-10-30 13:50:06.080790043,4.521526959691544,0.8909107597693627,10.439223747469828,0.0031015474625405437
2025-10-30 13:50:06.205970049,4.569140275749232,0.9002923726541807,14.329557962172,0.011390641508319588
2025-10-30 13:50:06.330940008,4.652538360101117,0.9167249299198164,14.276794370394287,0.026610330349052136
2025-10-30 13:50:06.456120014,4.7248078161422695,0.9309647291212203,10.7812430489489,0.028871586376107095
2025-10-30 13:50:06.581000090,4.749963816545653,0.9359214067285712,5.696254096182771,0.010589250118926752
2025-10-30 13:50:06.705970049,4.745143596231665,0.9349716421511454,2.5456073340992718,0.0020304972467196647
2025-10-30 13:50:06.831049919,4.75263220487904,0.9364471795258256,4.272340308023695,0.006725227431918945
2025-10-30 13:50:06.955830097,4.781594365474698,0.9421538137515783,5.450699748419555,0.012489272952511676
2025-10-30 13:50:07.080909967,4.817039456725143,0.9491378289874807,5.347130507897951,0.012669393238584958
2025-10-30 13:50:07.205879927,4.844769664611108,0.9546017222245415,4.642652991745237,0.008690915739344551
2025-10-30 13:50:07.330859900,4.864258913694841,0.9584418368281504,3.9725429647125274,0.005564012427279774
2025-10-30 13:50:07.455739975,4.881362379273881,0.9618118624079053,3.5827992821359667,0.004537668115675242
2025-10-30 13:50:07.580810070,4.897923185352774,0.9650749636694194,3.5349423553336763,0.0045829786103745995
2025-10-30 13:50:07.705490112,4.911074698664861,0.9676663061122361,3.75395385763251,0.004854428061469851
2025-10-30 13:50:07.830569983,4.91810427916418,0.9690513976884534,3.8057175763197404,0.004597001294538994
2025-10-30 13:50:07.955450058,4.918094573550958,0.9690494853178478,3.6336422531406423,0.00425671439103914
2025-10-30 13:50:08.080319881,4.912568025625186,0.9679605476524652,3.622888051976765,0.005487371609289582
2025-10-30 13:50:08.205300093,4.903423013821395,0.9661586365974505,3.977432436518941,0.00866027846633477
2025-10-30 13:50:08.330179930,4.888419173078387,0.9632023160280994,4.9490965660370785,0.01177202470950034
2025-10-30 13:50:08.455250025,4.860101442053093,0.9576226586496083,6.51915134685574,0.011554723940925826
2025-10-30 13:50:08.580229998,4.81450811884252,0.9486390602802838,8.00217467938641,0.00750260338873443
2025-10-30 13:50:08.705209970,4.761909838244071,0.9382752220131947,8.550887083961817,0.003820481892393479
2025-10-30 13:50:08.830290079,4.717431215453051,0.9295112615242926,7.706718040208297,0.0023496072774877863
2025-10-30 13:50:08.955260038,4.687914711789435,0.9236954008782948,5.713287310476341,0.0022111991967281863
2025-10-30 13:50:09.080240011,4.673099502337983,0.9207762477633845,4.406124889060114,0.0026201621120975904
2025-10-30 13:50:09.205219984,4.670761354465229,0.9203155447494826,6.056885940851041,0.003398990660407053
2025-10-30 13:50:09.330189943,4.679110702389778,0.9219606801140069,8.431529836562223,0.005828095115939846
2025-10-30 13:50:09.455169916,4.694614807428913,0.9250155715529162,9.94900860333355,0.014524104999468435
2025-10-30 13:50:09.580149889,4.7012788408981345,0.9263286366245437,11.048649175707002,0.029774600420049757
2025-10-30 13:50:09.705329895,4.66241911506674,0.9186718100317772,12.976791825230958,0.02812572558956683
2025-10-30 13:50:09.830399990,4.552255256140412,0.8969653891411948,15.074514980077105,0.012188516325674192
2025-10-30 13:50:09.955480099,4.4017877505398175,0.8673176349797619,15.71735500655199,0.0038016076317454184
2025-10-30 13:50:10.080559969,4.2648243550447225,0.8403306980823534,13.924848297705077,0.0013886357164694108
2025-10-30 13:50:10.205529928,4.165184179786474,0.8206978384236033,10.043642450730264,0.0007063717918749379
2025-10-30 13:50:10.330509901,4.102096206084818,0.8082671363435507,5.375838415131543,0.0005005086799589886
2025-10-30 13:50:10.455189943,4.073058699254015,0.8025456560774675,3.5197833314268085,0.0005463078802547816
2025-10-30 13:50:10.580260038,4.07958252791585,0.8038310955322213,6.331508778282002,0.0007703858242990025
2025-10-30 13:50:10.705440044,4.120884467798307,0.8119691300875076,9.21089522964364,0.001135321559991076
2025-10-30 13:50:10.830319881,4.193033552570524,0.8261852116245875,10.84590500012539,0.0015979588635270936
2025-10-30 13:50:10.955100060,4.288530776142498,0.8450017540817789,10.953778759171929,0.0023386023043305837
2025-10-30 13:50:11.080070019,4.4012167755648415,0.8672051314486982,10.037081011572386,0.004519884597411927
2025-10-30 13:50:11.205149889,4.5155471945095655,0.8897325212696232,9.309292574491256,0.009171097778617354
2025-10-30 13:50:11.330130100,4.603500269388923,0.9070625828756621,9.340508144881037,0.01215642589518684
2025-10-30 13:50:11.455100060,4.644206872568438,0.9150833137238014,9.209339272258028,0.008845240865144377
2025-10-30 13:50:11.580280066,4.637145003147083,0.9136918600163131,9.548229024179824,0.004010006595901006
2025-10-30 13:50:11.705260038,4.589914706665171,0.9043857163843169,13.629335425521816,0.004025134736190039
2025-10-30 13:50:11.830240011,4.50216607948617,0.8870959386597371,21.12894152934953,0.006585100977452796
2025-10-30 13:50:11.955209970,4.369721240366694,0.8609993272053815,28.059040840672047,0.005768820549763465
2025-10-30 13:50:12.080189943,4.2072662731964146,0.8289895925471027,30.258258613656206,0.0029114654211718216
2025-10-30 13:50:12.205169916,4.060232264941638,0.8000183664161997,24.97575924214479,0.0011678316413110679
2025-10-30 13:50:12.330039978,3.9730889774311926,0.7828478633589699,13.678079039321275,0.0008127126699635223
2025-10-30 13:50:12.455219984,3.9611193849388204,0.780489403741992,10.549565945300447,0.001317694075626541
2025-10-30 13:50:12.580100060,4.018483952832955,0.7917923797547439,21.67652297092465,0.002478937480532739
2025-10-30 13:50:12.705280066,4.127303075881697,0.8132338371334266,27.93739856004192,0.004202765847552747
2025-10-30 13:50:12.830349922,4.258948207768335,0.8391728762046575,26.676207848615842,0.005963665474351454
2025-10-30 13:50:12.955329895,4.3796070511524805,0.8629472035039455,20.597710012678057,0.006685082912139428
2025-10-30 13:50:13.080209970,4.462861262367405,0.8793514123539017,14.130238806435264,0.005740070926670282
2025-10-30 13:50:13.205179930,4.504509796121409,0.8875577389291591,9.668525539489254,0.0036730295395281942
2025-10-30 13:50:13.330369949,4.522131267271526,0.891029831076471,7.383982779652996,0.0020576326303815007
2025-10-30 13:50:13.455039978,4.538915642816569,0.8943369839260272,7.516492925035718,0.0023959394238037834
2025-10-30 13:50:13.580019951,4.568056113659812,0.9000787519726257,8.730896286306182,0.004966314301637964
2025-10-30 13:50:13.704999924,4.606383944560919,0.9076307752720172,9.892693846431667,0.007911068030167723
2025-10-30 13:50:13.829869986,4.639969607476894,0.9142484132364871,10.696165511141038,0.008889025969429754
2025-10-30 13:50:13.954950094,4.655063216142018,0.9172224214605638,10.818889897402968,0.007961518934196943
2025-10-30 13:50:14.079930067,4.649338510131679,0.9160944392044378,10.012829594709778,0.006600114262591883
2025-10-30 13:50:14.204910040,4.6334627587700785,0.9129663194710904,8.998364189809113,0.005528357634998149
2025-10-30 13:50:14.329979897,4.6221369697643535,0.9107347133393499,9.077405251708882,0.004869002633778763
2025-10-30 13:50:14.455159903,4.627501283861177,0.9117916848426157,9.992443911594302,0.005041287453294241
2025-10-30 13:50:14.579940081,4.655322352195302,0.9172734810030972,10.546736511229149,0.0071965274658483125
2025-10-30 13:50:14.704910040,4.696330600097902,0.9253536471994761,10.453317785477106,0.010837486005773278
2025-10-30 13:50:14.829989910,4.724022800945668,0.9308100516214576,10.006733505494287,0.011171009194484882
2025-10-30 13:50:14.955070019,4.718049379472455,0.9296330630707831,9.044786800738036,0.007243886185429704
2025-10-30 13:50:15.080149889,4.687604378876099,0.9236342536300165,7.228752736090509,0.00392471183109
2025-10-30 13:50:15.205120087,4.65533284608457,0.9172755486937124,5.246751353032655,0.002429631801058818
2025-10-30 13:50:15.330300093,4.633643423904716,0.9130019172931976,5.520253184790984,0.002241944333405077
2025-10-30 13:50:15.455179930,4.625289083886875,0.911355798298659,7.223383667456271,0.0037407360095835784
2025-10-30 13:50:15.580149889,4.626023499641891,0.9115005058065697,7.958553045450096,0.00652026947602713
2025-10-30 13:50:15.705029964,4.6243987967279745,0.9111803782655109,8.28453577076006,0.006928989352851578
2025-10-30 13:50:15.829910040,4.608897532567756,0.908126046586527,9.167536276736135,0.004465272030794831
2025-10-30 13:50:15.954989910,4.579055413138077,0.9022460273958337,9.203993713375134,0.002741561391411018
2025-10-30 13:50:16.080159903,4.542435623843637,0.8950305524923889,7.14429029717284,0.002130948688072176
2025-10-30 13:50:16.205140114,4.506615784854953,0.8879726978665697,5.0146140104821635,0.0016688588571071028
2025-10-30 13:50:16.330019951,4.482285243220627,0.8831786666628907,7.4244963843235885,0.0014012422162880123
2025-10-30 13:50:16.454989910,4.482346690218021,0.8831907740309595,11.180600273174557,0.0022252218159432013
2025-10-30 13:50:16.580169916,4.518491536566877,0.8903126673226458,13.12672801938956,0.005481518036171251
2025-10-30 13:50:16.704950094,4.590619143832086,0.9045245169835793,12.573650286511912,0.010799613462442959
2025-10-30 13:50:16.829829931,4.677008116279489,0.9215463916212704,10.280942445519818,0.014171295362618852
2025-10-30 13:50:16.954699993,4.754052766210068,0.9367270835020723,7.281256071194721,0.0121202551727837
2025-10-30 13:50:17.079679966,4.809223553931915,0.9475978023642017,5.026176538941007,0.008485339179275297
2025-10-30 13:50:17.204659939,4.833935246209164,0.9524669345706835,5.322842086159894,0.0077335593257820134
2025-10-30 13:50:17.329430103,4.8242207344172705,0.950552810612459,6.701867809939181,0.006870520956552828
2025-10-30 13:50:17.454610109,4.790003690534876,0.9438107668661566,7.090000971979623,0.004951831083241931
2025-10-30 13:50:17.579689980,4.7542820996528246,0.936772270810154,6.087790574915745,0.0032644652236891725
2025-10-30 13:50:17.704560041,4.736161451730531,0.9332018220763783,4.603762494726243,0.0024755564723166756
2025-10-30 13:50:17.829639912,4.741593306220086,0.9342721015756241,4.324380447578936,0.0028275809153451847
2025-10-30 13:50:17.954720020,4.764802626331969,0.9388452099965057,5.137415527197211,0.004025963272096478
2025-10-30 13:50:18.079699993,4.792155304475859,0.944234715684328,5.678200149540433,0.004964482519928315
2025-10-30 13:50:18.204780102,4.811013142831801,0.9479504186419957,5.526780546381138,0.004634937641362136
2025-10-30 13:50:18.329760075,4.818546783438676,0.9494348290052945,4.840027013412942,0.0035186606776569374
2025-10-30 13:50:18.454530001,4.819375288762771,0.9495980756948182,4.293877761205948,0.00267138932602351
2025-10-30 13:50:18.579509974,4.818762279347187,0.9494772897990241,4.6592360822551155,0.002309167867877271
2025-10-30 13:50:18.704590082,4.820363559939782,0.9497928022624177,5.442018648920637,0.002662787155579216
2025-10-30 13:50:18.829370022,4.823884644832699,0.9504865883318422,5.896342807819012,0.004913365979210771
2025-10-30 13:50:18.954440117,4.824363791115329,0.9505809981589877,6.152275654521098,0.008543199351507047
2025-10-30 13:50:19.079420090,4.810722545376052,0.9478931600206504,6.265959698614889,0.008642828783460899
2025-10-30 13:50:19.204400063,4.776335002065027,0.9411175214784183,5.98893588577946,0.00535591587611195
2025-10-30 13:50:19.329269886,4.730534759825384,0.9320931522829896,5.19282911091642,0.0033334499149377805
2025-10-30 13:50:19.454149961,4.68951124138732,0.924009977217157,4.611273071949978,0.003416912241381742
2025-10-30 13:50:19.578929901,4.659518952694183,0.9181003690372144,5.196734075536961,0.004453708964258674
2025-10-30 13:50:19.704010010,4.639909501625415,0.9142365701245727,5.937632258769821,0.00528870493645317
2025-10-30 13:50:19.828880072,4.626882181078488,0.9116696983244732,5.62614869434474,0.004883507631057604
2025-10-30 13:50:19.954060078,4.617780074943031,0.9098762412987973,4.62276536187475,0.0037465315109717068
2025-10-30 13:50:20.078840017,4.616577355252836,0.9096392603137157,3.9348754093550413,0.0033136299657330337
2025-10-30 13:50:20.204210043,4.624900969208294,0.9112793251190773,3.7046009428802176,0.0034072185157337787
2025-10-30 13:50:20.329190016,4.644919419321455,0.9152237122163374,3.498149365346341,0.0031978011420341623
2025-10-30 13:50:20.454269886,4.677398368227058,0.9216232859231754,3.3391962851255093,0.002945275803815983
2025-10-30 13:50:20.579240084,4.714725060527722,0.9289780472889089,3.465628428232461,0.0031790108942350015
2025-10-30 13:50:20.704420090,4.746897309755697,0.9353171896314639,3.7107701792149554,0.0036496637647361885
2025-10-30 13:50:20.829499960,4.770003168666478,0.9398699123069761,3.806064824318289,0.003851452492761087
2025-10-30 13:50:20.954780102,4.788197925701263,0.9434549633214203,3.882199734287766,0.004029424270610593
2025-10-30 13:50:21.079449892,4.808901309046456,0.9475343080096847,4.227853386556587,0.004856214985753171
2025-10-30 13:50:21.204430103,4.834223910085033,0.9525238122041161,4.711441081555939,0.006219040239775264
2025-10-30 13:50:21.329210043,4.857733211474802,0.9571560282120097,4.9675066350152965,0.007067878604371081
2025-10-30 13:50:21.454279900,4.872019237582098,0.9599709123179323,4.831608393501278,0.006695402937581751
2025-10-30 13:50:21.579060078,4.875759572466727,0.9607078988765803,4.656479829978006,0.006213758013387194
2025-10-30 13:50:21.704240084,4.872597763339071,0.9600849036368575,4.714941894032311,0.006362811183117434
2025-10-30 13:50:21.829119921,4.865364667908252,0.9586597119697056,4.903997525681269,0.006887002970228928
2025-10-30 13:50:21.953989983,4.855368226781424,0.9566900373357409,5.115965980502119,0.007896820627467438
2025-10-30 13:50:22.078870058,4.8438441190218775,0.9544193549553749,5.54062464395947,0.010329945587638889
2025-10-30 13:50:22.204050064,4.833031037308569,0.9522887714311511,6.355647939040282,0.013850153198000315
2025-10-30 13:50:22.329030037,4.827708027936222,0.9512399385111102,6.817577741278276,0.013134076978268627
2025-10-30 13:50:22.454010010,4.8310207067447735,0.9518926607486439,6.404019257354166,0.008002947089124746
2025-10-30 13:50:22.578989983,4.840549144572359,0.9537701211420169,5.369323375824183,0.004200917707587459
2025-10-30 13:50:22.704070091,4.85330575296687,0.9562836524729479,4.430833067620805,0.0034364895496481473
2025-10-30 13:50:22.828939915,4.868670156131989,0.9593110173917613,4.165021141025217,0.003562015951535047
2025-10-30 13:50:22.954020023,4.885677868851984,0.9626621760592624,4.805630888695781,0.003753205524143488
2025-10-30 13:50:23.078900099,4.904098245839874,0.9662916826847494,5.8016196532723505,0.004150390299415996
2025-10-30 13:50:23.204070091,4.923705909664796,0.9701551294431771,6.669077525435884,0.006011837612662441
2025-10-30 13:50:23.329050064,4.941332646276493,0.973628259084331,6.486692620218334,0.008485078305857319
2025-10-30 13:50:23.454230070,4.9507572590103095,0.975485262031802,5.432030412472578,0.009713025750857196
2025-10-30 13:50:23.579109907,4.948042364671801,0.9749503258035375,4.223799639695165,0.009288908957969078
2025-10-30 13:50:23.704080105,4.934664080352656,0.9723143009487849,3.740776059500354,0.00843531671439024
2025-10-30 13:50:23.828959942,4.9147016012453495,0.9683809422434365,3.9182547608733924,0.007263831680800137
2025-10-30 13:50:23.954040051,4.893696576301239,0.9642421628225109,3.939022005069279,0.0057210335995036
2025-10-30 13:50:24.079010010,4.87876520747249,0.9613001219442399,3.6123216292900886,0.00436575198015543
2025-10-30 13:50:24.204090118,4.876644157812438,0.9608821954382184,3.550806393638634,0.0044341938787259005
2025-10-30 13:50:24.329070091,4.890374316210096,0.9635875527121791,4.507699044812442,0.007266047957255495
2025-10-30 13:50:24.454040051,4.9177094141005275,0.9689735944292887,6.402667214488349,0.012891751196690171
2025-10-30 13:50:24.578919888,4.944161005773951,0.9741855522136754,8.416582256776321,0.014803487376200741
2025-10-30 13:50:24.703999996,4.949555191671637,0.9752484095844899,10.129956774774364,0.009565623622860397
2025-10-30 13:50:24.828979969,4.9364354291685055,0.9726633232444416,11.32675936133301,0.005684469051339791
2025-10-30 13:50:24.954050064,4.921828990721717,0.9697853058644367,11.674200330194784,0.005747341187579247
2025-10-30 13:50:25.079030037,4.909744366308506,0.9674041806353979,10.594453255814006,0.00616113788426198
2025-10-30 13:50:25.204010010,4.896202643995231,0.9647359523527275,8.262413328329803,0.005351928128708328
2025-10-30 13:50:25.329080105,4.882490710776599,0.9620341861240569,8.158804814110214,0.004308941019196877
2025-10-30 13:50:25.454159975,4.871663925795753,0.9599009025410694,10.892206408894848,0.00335553040693648
2025-10-30 13:50:25.579040051,4.8686684832202705,0.9593106877652737,12.980728536855318,0.0034156707266704833
2025-10-30 13:50:25.703919888,4.875223820547854,0.9606023356114828,12.384863370903128,0.004649515464073772
2025-10-30 13:50:25.828890085,4.888292109735972,0.9631772797737679,9.145448086843695,0.006096585500667606
2025-10-30 13:50:25.953670025,4.901424222476942,0.9657647995748734,5.299999828421224,0.006955893530235069
2025-10-30 13:50:26.078550100,4.910160493369496,0.9674861733072037,4.678806199682137,0.011924948347978082
2025-10-30 13:50:26.203520060,4.906918523848306,0.9668473834570002,6.561577908024257,0.015748937887286818
2025-10-30 13:50:26.328700066,4.885693439029483,0.9626652439694592,7.461090492622711,0.012406176939102953
2025-10-30 13:50:26.453979969,4.856152061725235,0.9568444822813422,6.6285565054908435,0.006628549566663144
2025-10-30 13:50:26.578759909,4.8333031929864365,0.9523423963290908,4.728521602116459,0.0035362659833602095
2025-10-30 13:50:26.703629971,4.829071302093284,0.9515085547608572,4.217514804810648,0.004145604134314529
2025-10-30 13:50:26.828710079,4.8458022472595905,0.9548051798175373,5.756118942264397,0.00733970262678918
2025-10-30 13:50:26.953989983,4.8751474623016975,0.9605872901669451,6.913643069107199,0.01145806098521207
2025-10-30 13:50:27.078959942,4.901529020131268,0.9657854486517605,6.885169905985545,0.0130117246470568
2025-10-30 13:50:27.203739882,4.909965235691682,0.967447700205607,5.9249097375084965,0.010084706242944108
2025-10-30 13:50:27.328520060,4.899552198788394,0.9653959405452714,4.798626337062618,0.0063783195161413175
2025-10-30 13:50:27.453500032,4.882342549348001,0.9620049927537425,3.9369704649985624,0.00428832337448104
2025-10-30 13:50:27.578370094,4.869243268392748,0.9594239420484575,4.071427641727285,0.00449703918914135
2025-10-30 13:50:27.703449965,4.863612678553238,0.9583145042154894,4.669365371869608,0.006034455726325549
2025-10-30 13:50:27.828429937,4.859423126910531,0.9574890050709809,5.163365689538171,0.008094310004269634
2025-10-30 13:50:27.953299999,4.846972735975445,0.955035810089222,5.56107560392214,0.008443942916071867
2025-10-30 13:50:28.078380108,4.816957954751842,0.9491217700353604,6.790046028278012,0.0067323726866393985
2025-10-30 13:50:28.203560114,4.775305206461654,0.9409146130380647,8.748193913811525,0.0061310306526954905
2025-10-30 13:50:28.328340054,4.737253312329742,0.9334169596537225,9.814750063256476,0.0063641740215441
2025-10-30 13:50:28.453409910,4.713296062891787,0.9286964810435034,8.511896995192904,0.005507999751060644
2025-10-30 13:50:28.578190088,4.708954702830047,0.9278410699344871,6.555983883277476,0.0046994829212239075
2025-10-30 13:50:28.703370094,4.722063185112025,0.9304239336469833,7.019734079890846,0.004082538726243645
2025-10-30 13:50:28.828239918,4.750663115334559,0.9360591948742318,9.07271470129349,0.004267684220807588
2025-10-30 13:50:28.953320026,4.789556272943033,0.9437226087836689,9.62478709591433,0.005482731922637485
2025-10-30 13:50:29.078200102,4.832922885918698,0.9522674615423063,8.091657775903775,0.007587037325792911
2025-10-30 13:50:29.203279972,4.868430137243372,0.9592637246492159,5.751289804127852,0.008406873534695491
2025-10-30 13:50:29.328249931,4.88076343531978,0.9616938479366959,6.692209335628632,0.01129114794902275
2025-10-30 13:50:29.453330040,4.860359863183142,0.9576735773253929,16.447209782344753,0.0397555659542721
2025-10-30 13:50:29.578510046,4.789118775874233,0.943636405417099,29.520238882235486,0.05120958229356798
2025-10-30 13:50:29.703779936,4.655976210902198,0.9174023157446648,39.00381698386383,0.02656260695412649
2025-10-30 13:50:29.828459978,4.483317563914051,0.883382072640894,38.76984204474338,0.009440753359829746
2025-10-30 13:50:29.953540087,4.313268753945184,0.849876065524755,26.76142973891676,0.0030088434106019246
2025-10-30 13:50:30.078609943,4.193059093220929,0.8261902440927027,7.917043176716926,0.0008852145466474726
2025-10-30 13:50:30.203890085,4.165497334934655,0.8207595417582245,19.54306705899646,0.0007782357955387065
2025-10-30 13:50:30.328670025,4.2537084865018056,0.8381404541719771,35.35954472823331,0.00376782113462959
2025-10-30 13:50:30.453550100,4.442313754817106,0.8753027810560685,39.816045192953425,0.01778330192014077
2025-10-30 13:50:30.578419924,4.6639101526298345,0.9189656004747013,33.0259664300917,0.055840256504432584
2025-10-30 13:50:30.703500032,4.825049551058457,0.9507161186431511,20.758068409694648,0.06174835933968914
2025-10-30 13:50:30.828180075,4.882647495632482,0.9620650786336715,10.307132379671858,0.01926973293392753
2025-10-30 13:50:30.953249931,4.873541860581497,0.9602709262789968,7.088375111221048,0.007936288817294357
2025-10-30 13:50:31.078229904,4.844958257475187,0.9546388821073248,7.822254517044239,0.009102375948991881
2025-10-30 13:50:31.203310013,4.8086210148393835,0.9474790795155924,8.938801345311687,0.010501231848588644
2025-10-30 13:50:31.328389883,4.762175571608324,0.9383275814739594,9.298439626116954,0.009203824050712961
2025-10-30 13:50:31.453360081,4.711147811428545,0.9282731947598312,8.26595378079977,0.005795611065584794
2025-10-30 13:50:31.578039885,4.672297974766362,0.9206183167050993,5.888326269763674,0.002902028752296393
2025-10-30 13:50:31.703219891,4.659179095333837,0.9180334043631521,3.9656698927933975,0.0015464949336262412
2025-10-30 13:50:31.828389883,4.672880719938922,0.9207331394074885,5.693389188307347,0.0018186010638889805
2025-10-30 13:50:31.953670025,4.708824964232593,0.9278155065543593,8.425385973259564,0.005096144983910755
2025-10-30 13:50:32.078649998,4.757641129374513,0.9374341259197477,10.121525169021366,0.012318635801632616
2025-10-30 13:50:32.203619957,4.79703055597936,0.9451953234745218,10.188747796980795,0.016515898059323075
2025-10-30 13:50:32.328700066,4.806860750821768,0.9471322413418274,8.570582174322581,0.010999121998035544
2025-10-30 13:50:32.453880072,4.790668547197836,0.9439417686184443,5.718062422206668,0.004435449363710098
2025-10-30 13:50:32.578660011,4.772500711702255,0.9403620221591117,4.1082783037642425,0.002247907151973094
2025-10-30 13:50:32.703629971,4.773455687977325,0.9405501883795875,6.595492497098984,0.003089484925726249
2025-10-30 13:50:32.828510046,4.799938385150253,0.9457682751165257,8.83476478240564,0.005653377278870386
2025-10-30 13:50:32.953589916,4.8458193816485515,0.9548085559361856,8.70780410733079,0.008979145758969076
2025-10-30 13:50:33.078160048,4.8955763916999135,0.9646125571118713,6.852604252459936,0.011246969321737521
2025-10-30 13:50:33.203239918,4.927215746515021,0.9708466992254158,5.104323176773391,0.010657640357786824
2025-10-30 13:50:33.328119993,4.929157296060156,0.9712292574620042,4.524903274364216,0.007299766329231017
2025-10-30 13:50:33.453200102,4.9134262971944676,0.968129659411102,4.274919281981006,0.004568339680037448
2025-10-30 13:50:33.577970028,4.90178424815858,0.9658357381662882,4.6500205345939065,0.005837853421284622
2025-10-30 13:50:33.702950001,4.90173199186419,0.9658254417121582,6.286279996353408,0.011083805329617724
2025-10-30 13:50:33.827929974,4.901805365494493,0.9658398990751913,7.564152898438661,0.014970388941048518
2025-10-30 13:50:33.952899933,4.887735961462186,0.9630676976601233,7.324267672341993,0.012848295639614649
2025-10-30 13:50:34.077879906,4.858995139510109,0.9574046754665175,5.459274620508662,0.007046176640530422
2025-10-30 13:50:34.202759981,4.831914802799211,0.9520688312773762,3.8644245205816867,0.0031441073325653157
2025-10-30 13:50:34.327640057,4.827878894004529,0.951273605548837,5.347727993616634,0.004323886103533736
2025-10-30 13:50:34.452810049,4.856715766026711,0.9569555532164467,7.1993468960571,0.012200686215524947
2025-10-30 13:50:34.577790022,4.901815575267488,0.9658419107842218,8.013432340568366,0.023119002004470257
2025-10-30 13:50:34.702970028,4.9295739558195635,0.9713113550954205,7.436862287839073,0.02151246142528951
2025-10-30 13:50:34.827939987,4.916667666622324,0.9687683310203633,6.250969677539957,0.010780191683902762
2025-10-30 13:50:34.953020096,4.881489015519949,0.9618368145082034,4.734657265216036,0.00435126758410187
2025-10-30 13:50:35.077899933,4.854032966258357,0.9564269408248275,3.2477931229347115,0.0024405597679910684
2025-10-30 13:50:35.202780008,4.846606470205667,0.9549636419659,3.1062764296577017,0.002500580353956061
2025-10-30 13:50:35.327650070,4.858096606918453,0.957227630773199,4.30283704143801,0.004139836064072311
2025-10-30 13:50:35.452729940,4.883886850008138,0.9623092780287614,5.38357018127599,0.008049146866274226
2025-10-30 13:50:35.577709913,4.909380282084705,0.9673324423586301,6.118322464793433,0.012734503683644594
2025-10-30 13:50:35.702879906,4.912174419506767,0.967882992452831,6.860728460363448,0.012843790785065257
2025-10-30 13:50:35.827860117,4.88206826084848,0.9619509476097717,7.777525983413813,0.00873890576282077
2025-10-30 13:50:35.952939987,4.831656635928815,0.9520179627002997,8.866740789997529,0.005962503068295266
2025-10-30 13:50:36.078020096,4.777655122809474,0.9413776348838911,9.6327847602618,0.004702212937716332
2025-10-30 13:50:36.202990055,4.7283947093550465,0.9316714819031665,10.04778125003162,0.004156953149607956
2025-10-30 13:50:36.328069925,4.68657852909839,0.9234321226656287,9.43761503894395,0.0032935100302524667
2025-10-30 13:50:36.452850103,4.6554110080505815,0.9172909495388573,7.925795696944378,0.0027459202095723168
2025-10-30 13:50:36.578020096,4.635685093754016,0.9134042029928856,6.711280372396761,0.0029827622701463774
2025-10-30 13:50:36.702800035,4.6281275361977,0.9119150800915908,7.420265677335347,0.0038503005779116917
2025-10-30 13:50:36.827780008,4.629739761213671,0.9122327490177529,8.948347823564248,0.005301178749258839
2025-10-30 13:50:36.952660084,4.6335938043867735,0.9129921403831351,9.906123591131749,0.007333840172816353
2025-10-30 13:50:37.077830076,4.630111655657229,0.9123060262013721,10.249650893990536,0.00907578025136524
2025-10-30 13:50:37.202909946,4.612668806190373,0.9088691292394397,11.287576766497804,0.009293052414422798
2025-10-30 13:50:37.327790022,4.58485001461095,0.90338778168521,13.523135003486319,0.008997156214072044
2025-10-30 13:50:37.452860117,4.555788057644199,0.8976614838233481,14.791897668054055,0.00838415590479924
2025-10-30 13:50:37.577739954,4.532935127400049,0.8931585976018842,13.917781435694554,0.007323856393576578
2025-10-30 13:50:37.702820063,4.5217233996644985,0.8909494658275405,11.191758418716516,0.0056180447759989205
2025-10-30 13:50:37.827589989,4.527387969203834,0.8920655989385547,10.402417868377574,0.003829196210530794
2025-10-30 13:50:37.952769995,4.558519995156134,0.8981997781973722,13.960618298810086,0.0029886838202034527
2025-10-30 13:50:38.077650070,4.6212573554513785,0.9105613962580048,17.65870801632996,0.004653176981387341
2025-10-30 13:50:38.202529907,4.717726308387257,0.9295694059238637,17.73371627360433,0.012389755721475049
2025-10-30 13:50:38.327500105,4.823951434721074,0.9504997484502552,15.03767797731701,0.026096618894389523
2025-10-30 13:50:38.452480078,4.894800381743146,0.964459653982832,10.400139458360016,0.02335785915918387
2025-10-30 13:50:38.577260017,4.900964683275387,0.9656742530796625,7.035680186058772,0.010204540423945918
2025-10-30 13:50:38.702330112,4.874388553279578,0.960437756564797,5.263360330121434,0.004727319631443572
2025-10-30 13:50:38.827209949,4.853904273228315,0.956401583460779,4.658569832097077,0.0042346897817785445
2025-10-30 13:50:38.952189922,4.850739538174275,0.9557780117035831,5.083292776151398,0.004539981363779977
2025-10-30 13:50:39.077270031,4.86097586355225,0.9577949525514511,5.547645793641119,0.0055353229884413935
2025-10-30 13:50:39.202039957,4.8831822164569205,0.96217043873441,5.813005608549677,0.007759445189107539
2025-10-30 13:50:39.326920033,4.904157940679023,0.9663034448117863,6.561662935666689,0.009286587467286833
2025-10-30 13:50:39.452100039,4.9106172451862955,0.9675761705828494,7.128731377831403,0.007093910093215361
2025-10-30 13:50:39.577169895,4.89977333954551,0.9654395135863468,6.375687393018575,0.0040690845762982875
2025-10-30 13:50:39.702349901,4.883297598068417,0.9621931732486744,4.534482193933945,0.0026021073718921484
2025-10-30 13:50:39.827330112,4.872092591648625,0.9599853658261662,4.175818161442257,0.0023785960122495453
2025-10-30 13:50:39.952409983,4.872367919471942,0.9600396157559894,6.24469053651564,0.003271927833264132
2025-10-30 13:50:40.077680111,4.885611201811312,0.9626490401464641,7.484674921486972,0.005088343236119397
2025-10-30 13:50:40.202559948,4.907086257844787,0.9668804333588532,7.087815726073302,0.006616602078723499
2025-10-30 13:50:40.327339888,4.928288843917983,0.9710581397478548,5.636493141013923,0.00630525624952738
2025-10-30 13:50:40.452409983,4.941292799177781,0.9736204077081687,4.292100080463409,0.004904037097613112
2025-10-30 13:50:40.577389956,4.945698102218529,0.9744884179874473,3.5566144956932004,0.004303638963130241
2025-10-30 13:50:40.702470064,4.945395024774193,0.9744287003392702,3.4452041784979883,0.0048420420534806
2025-10-30 13:50:40.827349901,4.94537571646746,0.9744248958771107,3.301759429364744,0.005293047556707675
2025-10-30 13:50:40.952419996,4.9438473132510286,0.9741237429960322,3.581444372671869,0.005986331340526174
2025-10-30 13:50:41.077300072,4.936158707242058,0.972608798623902,4.342808146673994,0.006266360874213173
2025-10-30 13:50:41.202379942,4.921739536460789,0.9697676800127547,4.824418202425035,0.005489496505468483
2025-10-30 13:50:41.327549934,4.9030214929038864,0.9660795218849054,4.162325089478235,0.003574850782565142
2025-10-30 13:50:41.452330112,4.885273740854319,0.9625825476539351,2.771390686544213,0.0021683131910490427
2025-10-30 13:50:41.577409983,4.876313750435436,0.9608170927660674,3.1375235207594856,0.00201687041770815
2025-10-30 13:50:41.702189922,4.881679084355183,0.961874265212781,5.014234535970272,0.0032276822049511766
2025-10-30 13:50:41.826960087,4.9011631525152,0.9657133589796846,6.169319868500984,0.006049857605255005
2025-10-30 13:50:41.952039957,4.928523621103315,0.9711043996778355,5.999081717231313,0.01033002610096001
2025-10-30 13:50:42.077019930,4.951500909078222,0.9756317890464394,4.639155109040869,0.012365320602558683
2025-10-30 13:50:42.201889992,4.95565641330799,0.9764505795708732,3.0428148896253946,0.008959718878324918
2025-10-30 13:50:42.326869965,4.939108359319988,0.9731899909505721,3.042948220449536,0.005962001739419964
2025-10-30 13:50:42.451849937,4.913972340411258,0.9682372504487037,3.962198491532573,0.005411590891092888
2025-10-30 13:50:42.577019930,4.8893768510546245,0.9633910145852528,4.157281514278893,0.004334118716185942
2025-10-30 13:50:42.702199936,4.872288065337326,0.9600238814900267,3.619506150451191,0.0032391137178450213
2025-10-30 13:50:42.827080011,4.870089336900033,0.9595906493452098,3.2036104970211348,0.0034415543170609464
2025-10-30 13:50:42.952260017,4.884307460062409,0.962392154018744,3.3963372091014463,0.004529470536942637
2025-10-30 13:50:43.077330112,4.906950634111428,0.9668537103857501,3.6242591985794834,0.005171181551836934
2025-10-30 13:50:43.202209949,4.928437433083066,0.9710874173983339,3.7425917795680035,0.005332636544268965
2025-10-30 13:50:43.327290058,4.941526637673807,0.9736664826810739,4.1090888964743755,0.005848854369509993
2025-10-30 13:50:43.452159882,4.939984161209139,0.9733625568411278,5.181762395891672,0.007461046523293602
2025-10-30 13:50:43.577039957,4.919241362451632,0.9692754458351471,6.6020122000244745,0.008928764764074448
2025-10-30 13:50:43.702120066,4.8787678426335255,0.9613006411700105,7.352571902294054,0.007898789061428713
2025-10-30 13:50:43.827100039,4.826686199979146,0.9510385999965535,6.942192831392902,0.005563939221288949
2025-10-30 13:50:43.951869965,4.778063107041907,0.9414580231124102,5.698050234358241,0.003962017534873463
2025-10-30 13:50:44.076750040,4.744432650847208,0.9348315591884058,4.5381546678160944,0.003180094429574676
2025-10-30 13:50:44.202029943,4.728974249158987,0.9317856730274587,4.420767726810695,0.0027967589527994052
2025-10-30 13:50:44.326999903,4.732064563618175,0.9323945811302535,5.361915964655451,0.0031883256783831193
2025-10-30 13:50:44.452179909,4.753847400058141,0.9366866186511326,6.505406209202543,0.0057002970193408276
2025-10-30 13:50:44.577359915,4.792585146160903,0.9443194106525583,7.264980471618282,0.010928779935891253
2025-10-30 13:50:44.702330112,4.832602914353476,0.9522044151173226,7.1220287616455185,0.012189048974839634
2025-10-30 13:50:44.827310085,4.854454212954311,0.9565099422571507,6.148640293971341,0.006129040319062917
2025-10-30 13:50:44.952389956,4.858839715695418,0.9573740511331745,5.653282145283305,0.0023994261989341847
2025-10-30 13:50:45.077369928,4.861080138139789,0.9578154985645208,5.693213903585917,0.002807435819100146
2025-10-30 13:50:45.202239990,4.865899695471557,0.9587651325095301,5.348866066645248,0.0035965513441456043
2025-10-30 13:50:45.327320099,4.870572626457264,0.9596858755531832,5.045373202454503,0.0035593805391398448
2025-10-30 13:50:45.452300072,4.87640570631484,0.9608352115306165,6.290558809456834,0.0036710691601016254
2025-10-30 13:50:45.577169895,4.886910576461673,0.9629050657916276,7.795647682901338,0.004700370183808866
2025-10-30 13:50:45.701950073,4.902280292882135,0.9659334776214504,7.689981020029828,0.006055998806506535
2025-10-30 13:50:45.826930046,4.916505573863734,0.9687363926544096,5.9749109611543165,0.0067372235896583366
2025-10-30 13:50:45.951809883,4.920939547718659,0.9696100521617185,5.010447098341224,0.008320175410911124
2025-10-30 13:50:46.076580048,4.9096738452840105,0.9673902853429285,5.8308015150812675,0.008864800336620404
2025-10-30 13:50:46.201560020,4.884138591428778,0.9623588805507252,5.837924715367524,0.005575556828189887
2025-10-30 13:50:46.326339960,4.857487162982664,0.9571075474109386,4.703264331171489,0.0033570614512838937
2025-10-30 13:50:46.451420069,4.845239109108507,0.9546942204353398,5.08588161545056,0.005101095111881504
2025-10-30 13:50:46.576390028,4.846043002174358,0.9548526175848991,6.798609688673266,0.00885098910866522
2025-10-30 13:50:46.701469898,4.844722885410723,0.9545925049637959,9.168847789743158,0.012019185330504167
2025-10-30 13:50:46.826550007,4.8225929610926315,0.9502320780850817,12.186125467186196,0.011448246397706918
2025-10-30 13:50:46.951620102,4.774569327290012,0.9407696171820737,14.197001161036193,0.00763384132218714
2025-10-30 13:50:47.076699972,4.717439923472722,0.9295129773314724,13.046017620344072,0.004148136896188759
2025-10-30 13:50:47.201479912,4.6718817760554465,0.920536309915565,8.76023220216074,0.0023400300058682433
2025-10-30 13:50:47.326649904,4.645177639121466,0.9152745912225374,5.425588984960528,0.0017425179093203402
2025-10-30 13:50:47.451829910,4.636748312129441,0.9136136969755811,9.19318336373734,0.0018858024533584539
2025-10-30 13:50:47.576809883,4.647265183609504,0.9156859159503273,13.098831361453737,0.0029376880092947255
2025-10-30 13:50:47.701790094,4.680758875840045,0.9222854322329037,13.73219874048399,0.005819258559384699
2025-10-30 13:50:47.826659918,4.733475229533708,0.9326725353377132,11.515325342888103,0.010369561898248558
2025-10-30 13:50:47.951539993,4.7850575512817635,0.9428361915248618,8.374435076891933,0.011258625238500963
2025-10-30 13:50:48.076620102,4.814281491522525,0.9485944061801002,5.6910185534216104,0.006864829743504108
2025-10-30 13:50:48.201689959,4.825483899257924,0.9508017015641073,4.0002964539753805,0.0032900131662672027
2025-10-30 13:50:48.326669931,4.8359747422356145,0.9528687919455638,4.180026403035153,0.002209954272786696
2025-10-30 13:50:48.451450109,4.854682541035087,0.9565549314711341,5.384463120037782,0.0030918088715464753
2025-10-30 13:50:48.576329947,4.8836800322064775,0.9622685271482615,5.725262809205007,0.005403970130340996
2025-10-30 13:50:48.701200008,4.916591322209256,0.968753288301464,5.0843063648378815,0.007807980119556968
2025-10-30 13:50:48.826280117,4.941902337515774,0.9737405096712117,4.144054760128418,0.008494590077422814
2025-10-30 13:50:48.951260090,4.950400679316882,0.9754150024295876,3.451699021603274,0.006888670057296209
2025-10-30 13:50:49.076129913,4.942639365669345,0.9738857319198289,2.8046886218610796,0.00448254156558292
2025-10-30 13:50:49.201109886,4.928919725623841,0.9711824471565911,2.3344692257459725,0.003014959939282136
2025-10-30 13:50:49.326289892,4.924804926290298,0.9703716770266713,2.8097014795778574,0.0035133613632321037
2025-10-30 13:50:49.451370001,4.9353439273559,0.9724482563615441,3.4545374007623653,0.005673639313287682
2025-10-30 13:50:49.576240063,4.953142017626669,0.9759551491141323,3.5636047045601167,0.008601842373315405
2025-10-30 13:50:49.701319933,4.9637994619016865,0.9780550662131344,3.6857393617590493,0.01149134147154307
2025-10-30 13:50:49.826200008,4.953134331863044,0.9759536347298167,4.786384423612462,0.01449352130134074
2025-10-30 13:50:49.951270103,4.914621855143633,0.9683652292640155,6.504316476687308,0.015356180481157944
2025-10-30 13:50:50.075949907,4.849282382625679,0.9554908972910241,7.883388067703441,0.012103266586870332
2025-10-30 13:50:50.201129913,4.763308481255409,0.9385508072566281,8.454249250498238,0.007423187571236722
2025-10-30 13:50:50.326009989,4.67127654303426,0.9204170562617553,7.987555336630664,0.003762418600681272
2025-10-30 13:50:50.451280117,4.596954341907621,0.9057727891228543,6.538637496590785,0.0018951688750056261
2025-10-30 13:50:50.576060057,4.559530280524129,0.8983988423880335,4.574260074437611,0.0013223427372407448
2025-10-30 13:50:50.701240063,4.560479913199602,0.898585955718541,3.1417937513982364,0.001216685157701125
2025-10-30 13:50:50.826309919,4.587656749363655,0.9039408139270377,2.835023194794179,0.0010530302438703787
2025-10-30 13:50:50.951390028,4.624309009549601,0.911162686816579,2.814008519255761,0.000993422556678225
2025-10-30 13:50:51.076370001,4.655849378013698,0.9173773248984164,3.6494032245471315,0.0019151408172295437
2025-10-30 13:50:51.201440096,4.66959881953065,0.9200864816716646,5.335983174834699,0.003556585936462797
2025-10-30 13:50:51.326220036,4.657733793871267,0.9177486256510946,6.321541177422402,0.004051366788044852
2025-10-30 13:50:51.451200008,4.626875831897248,0.9116684472971249,5.677579751746777,0.003100175537151695
2025-10-30 13:50:51.576080084,4.600152722667811,0.9064029903487887,4.441927600487765,0.002255165878610077
2025-10-30 13:50:51.701250076,4.604207441930912,0.9072019224466273,6.165748500404798,0.003091420241817522
2025-10-30 13:50:51.826329947,4.650429028271308,0.9163093122667859,9.50270442726369,0.007172460232894418
2025-10-30 13:50:51.951309919,4.7273305445186296,0.9314618014320813,11.357765175794883,0.015215125369904103
2025-10-30 13:50:52.075979948,4.808501288312268,0.9474554888896407,10.771656326369499,0.021438649976599056
2025-10-30 13:50:52.201060057,4.869020834311446,0.9593801141739058,8.392564729170756,0.017157109659956093
2025-10-30 13:50:52.326040030,4.902295794865246,0.9659365320947898,6.01283018102898,0.009471862269767817
2025-10-30 13:50:52.451319933,4.917180047534031,0.9688692893186129,5.089592891741539,0.006765455326652847
2025-10-30 13:50:52.576189995,4.923175884839647,0.9700506946308052,4.9125037121752895,0.00625133431114222
2025-10-30 13:50:52.701270103,4.925765774933577,0.9705610003244064,4.865708872400917,0.00542500674391766
2025-10-30 13:50:52.826149940,4.92898704685479,0.9711957119694625,5.107403745100341,0.004699950549372334
2025-10-30 13:50:52.951319933,4.935944583703742,0.9725666082386836,5.430599473510545,0.005013997300489237
2025-10-30 13:50:53.076200008,4.946907547032238,0.9747267240746356,5.167960788418774,0.0063646010798137365
2025-10-30 13:50:53.201280117,4.9577604648930045,0.9768651568172129,4.238555559104658,0.007360923381066753
2025-10-30 13:50:53.326260090,4.960394801329799,0.9773842201109442,3.280728058052359,0.007108298327205831
2025-10-30 13:50:53.451339960,4.949901720049677,0.9753166886997785,3.0159690602545974,0.005812988552523213
2025-10-30 13:50:53.576210022,4.930008120609423,0.97139690187779,3.3888546687276215,0.005063564627404982
2025-10-30 13:50:53.701289892,4.909167053091759,0.9672904282324724,3.599773269596156,0.004964096865065826
2025-10-30 13:50:53.826270103,4.895255894717687,0.964549407159989,3.5003971978088435,0.005201582142438599
2025-10-30 13:50:53.951240063,4.891261320515113,0.9637623258997209,3.3752193023576997,0.0053579896584962095
2025-10-30 13:50:54.076420069,4.894649172214519,0.9644298600222444,3.414477185319006,0.005258789762919047
2025-10-30 13:50:54.201400042,4.90198317945133,0.9658749351081057,3.6046285808171694,0.005876437217338992
2025-10-30 13:50:54.326479912,4.912202971495142,0.9678886182677122,3.7846602497731547,0.007664817393591816
2025-10-30 13:50:54.451450109,4.922040724954674,0.9698270254666939,4.028351834595137,0.008072542189192067
2025-10-30 13:50:54.576129913,4.923741215831692,0.9701620860850935,4.382109292484613,0.005347069388019099
2025-10-30 13:50:54.701109886,4.915003803476461,0.9684404874417122,4.879976822375901,0.003571093923098956
2025-10-30 13:50:54.825880051,4.900394101432427,0.9655618270103825,5.542550199098336,0.004677315126714654
2025-10-30 13:50:54.950860023,4.881485729534279,0.9618361670455174,6.126511546888,0.0066481309748532835
2025-10-30 13:50:55.075740099,4.857022855165849,0.9570160613192857,6.340142236572537,0.007556953928986587
2025-10-30 13:50:55.200720072,4.830476424347033,0.9517854166585781,6.14644043092862,0.007348138220373723
2025-10-30 13:50:55.325589895,4.8083436153539365,0.9474244213904629,5.843079818850329,0.0067365466280233655
2025-10-30 13:50:55.450670004,4.795862028432229,0.9449650796267892,5.51726507308014,0.006005473213198553
2025-10-30 13:50:55.575649977,4.791877920129636,0.9441800605421947,5.142682382823092,0.005227956730292971
2025-10-30 13:50:55.700619936,4.793991410568691,0.9445964975975546,4.880596784420835,0.004766952043986361
2025-10-30 13:50:55.825700045,4.802579299104057,0.9462886344283342,5.024462367096007,0.005143290840006087
2025-10-30 13:50:55.950779915,4.819838816098157,0.9496894080022941,5.467622529197952,0.006139756607568048
2025-10-30 13:50:56.075959921,4.840534839436371,0.9537673024925463,5.5971495769457515,0.0064206572545053575
2025-10-30 13:50:56.200930119,4.855414206665891,0.9566990971012073,5.377791764582374,0.005935490883355987
2025-10-30 13:50:56.325809956,4.86199010964728,0.9579947971542085,5.304597074116469,0.005738716571252356
2025-10-30 13:50:56.450890064,4.861940160588332,0.9579849553121816,5.479843137767176,0.006091412288332543
2025-10-30 13:50:56.575860023,4.856862619664487,0.9569844889028138,5.263124463126347,0.006055634247744579
2025-10-30 13:50:56.700839996,4.847538510999225,0.9551472890344518,4.509310745392138,0.004993899098766463
2025-10-30 13:50:56.825920105,4.837384291454991,0.9531465261219078,4.633380450872344,0.004487762065030432
2025-10-30 13:50:56.950890064,4.829971105473309,0.9516858498472489,6.969392558131447,0.006679090512861863
2025-10-30 13:50:57.075769901,4.821286157025771,0.9499745885656217,9.774083598640743,0.009320526322414202
2025-10-30 13:50:57.200649977,4.806086008890572,0.9469795880614866,11.116245758249097,0.009096671831864134
2025-10-30 13:50:57.325730085,4.786900582287385,0.9431993379061914,10.153837657613352,0.006694275795267046
2025-10-30 13:50:57.450799942,4.768969544249384,0.9396662494464073,7.311972420057874,0.0041959566374457635
2025-10-30 13:50:57.575779915,4.756581302449147,0.9372253001801868,6.0189430320784725,0.003160939209474467
2025-10-30 13:50:57.700759888,4.7522905822923365,0.9363798670358221,8.369284277249939,0.0042448573675764045
2025-10-30 13:50:57.825730085,4.7551731433234465,0.9369478399045459,10.704153271035917,0.007932743255217312
2025-10-30 13:50:57.950910091,4.760519319265503,0.9380012375095717,10.395054411394247,0.01160936632699372
2025-10-30 13:50:58.075789928,4.761665840773767,0.9382271453405157,8.187978114803554,0.01102548975503026
2025-10-30 13:50:58.200570107,4.760329430752885,0.9379638223353272,7.962202492320075,0.010257034914931018
2025-10-30 13:50:58.325639963,4.763795190752557,0.9386467073213091,10.626202843222925,0.012579406824776873
2025-10-30 13:50:58.450619936,4.768682404294628,0.9396096720827132,11.938910012029282,0.011533696129681581
2025-10-30 13:50:58.575599909,4.7680820722378545,0.9394913841031032,10.156665422021735,0.007497497595473024
2025-10-30 13:50:58.700469971,4.764490682743435,0.9387837453846735,6.556367363284946,0.003910096454420309
2025-10-30 13:50:58.825550079,4.7645894764801575,0.938803211464126,6.557757303594042,0.0020632047780191343
2025-10-30 13:50:58.950530052,4.774910462668805,0.9408368336738063,10.257844536715497,0.0020916240468471514
2025-10-30 13:50:59.075809956,4.800201996351387,0.945820216431391,12.40151926497641,0.004744871952351848
2025-10-30 13:50:59.200979948,4.841247634184635,0.9539077498494671,11.47383102931218,0.011196729884284773
2025-10-30 13:50:59.325959921,4.887274708205118,0.9629768134315512,8.349332220030954,0.01693884284382674
2025-10-30 13:50:59.450839996,4.915126928742892,0.9684647477470562,5.882751364970391,0.015073023651064887
2025-10-30 13:50:59.575809956,4.909453756266748,0.9673469195341355,6.154348789200528,0.010421593426553577
2025-10-30 13:50:59.700690031,4.876899168228251,0.9609324420751014,7.181766941349322,0.00737493248232346
2025-10-30 13:50:59.825570107,4.831163064124742,0.9519207105032239,6.960010792068501,0.004703878437619102
2025-10-30 13:50:59.950850010,4.783857981641652,0.942599831218046,5.460387170722879,0.002924610992255272
2025-10-30 13:51:00.075920105,4.746768551755926,0.9352918194659368,3.827352825568477,0.002338011130603612
2025-10-30 13:51:00.200599909,4.7302907184647935,0.9320450669622744,4.277476386597827,0.0029944870121110245
2025-10-30 13:51:00.325479984,4.741543220403537,0.9342622327872099,5.984143831864338,0.005117337825745749
2025-10-30 13:51:00.450449944,4.778870759640043,0.9416171610311376,7.092277920205609,0.008565509649670289
2025-10-30 13:51:00.575429916,4.823049944620286,0.9503221210164751,6.971453338626173,0.010764500298960589
2025-10-30 13:51:00.700510025,4.85050373489451,0.955731549594432,5.835172651232524,0.009010598419536775
2025-10-30 13:51:00.825289965,4.853020357824156,0.9562274189028075,4.450325995030814,0.005406838786361945
2025-10-30 13:51:00.950259924,4.84029026875049,0.9537191128748533,3.868187754391971,0.0033665739036555786
2025-10-30 13:51:01.075439930,4.825614521452578,0.9508274390460948,4.112417671282064,0.0029656804104243317
2025-10-30 13:51:01.200419903,4.8181068652485814,0.9493481485868279,4.322975851443309,0.0036894096663752096
2025-10-30 13:51:01.325390100,4.82323972733384,0.9503595153443274,3.9080312730011517,0.005144022593004949
2025-10-30 13:51:01.450370073,4.835860385428562,0.9528462593562939,3.2701586143514505,0.006373483972398564
2025-10-30 13:51:01.575449944,4.846260765692783,0.9548955251830135,3.1369388269604492,0.006705827472448189
2025-10-30 13:51:01.700419903,4.849907661285993,0.955614100689189,3.443153944331999,0.006555590968446379
2025-10-30 13:51:01.825500011,4.847995948327876,0.9552374213816982,3.428607530280333,0.005940921785891895
2025-10-30 13:51:01.950479984,4.842786491252501,0.9542109625322027,3.0520762683820664,0.00504222213735861
2025-10-30 13:51:02.075360060,4.8420879074165315,0.9540733152591433,2.9702003141862336,0.0047430162784621865
2025-10-30 13:51:02.200330019,4.853873799330012,0.9563955789574039,3.4643894871340604,0.006177066022506894
2025-10-30 13:51:02.325409889,4.879330454865901,0.961411496926455,3.8628852274064527,0.008887151689851214
2025-10-30 13:51:02.450489998,4.906487597559045,0.9667624747809727,3.7678408412707673,0.009536639506397715
2025-10-30 13:51:02.575360060,4.921043813412631,0.9696305964224213,3.4706351284110806,0.007196030641081874
2025-10-30 13:51:02.700340033,4.922269354340253,0.9698720740490484,3.4427209253161957,0.005317826503307033
2025-10-30 13:51:02.825220108,4.916442635782397,0.9687239914867594,3.6356339418439805,0.004829808813274772
2025-10-30 13:51:02.950299978,4.905705866205067,0.9666084443216352,3.896496473702241,0.005273944078795334
2025-10-30 13:51:03.075269938,4.888281146505278,0.9631751196052508,4.1968839585323305,0.006238202861452713
2025-10-30 13:51:03.200350046,4.862687984620301,0.9581323047546233,4.223771867255853,0.006535500765359359
2025-10-30 13:51:03.325330019,4.830589107047572,0.951807619385941,3.7518093518546487,0.005311398014637203
2025-10-30 13:51:03.450400114,4.800539812056323,0.9458867788225988,3.4270065579248605,0.0035362576677980817
2025-10-30 13:51:03.575479984,4.785236159828714,0.9428713841218945,3.8900647429270383,0.002550610788471186
2025-10-30 13:51:03.700459957,4.795917050200663,0.9449759209832507,4.570569197968235,0.003542004645978758
2025-10-30 13:51:03.825340033,4.834343121102705,0.9525473012553314,4.711902562816956,0.007426828201779978
2025-10-30 13:51:03.950119972,4.889158476469659,0.9633479865840621,4.095389879341037,0.012498757482484968
2025-10-30 13:51:04.074889898,4.937536993978005,0.972880372915961,3.990068618206584,0.014901099416186225
2025-10-30 13:51:04.199870110,4.960386130222576,0.977382511576904,5.290348460602004,0.014433213909557652
2025-10-30 13:51:04.324749947,4.951010979464984,0.9755352544978556,6.544707257371868,0.01092848428422899
2025-10-30 13:51:04.449919939,4.917717706989153,0.9689752284400492,6.570788559945221,0.006223776080939825
2025-10-30 13:51:04.574800014,4.878057644313156,0.9611607054069755,5.189939745061786,0.0028102099500775246
2025-10-30 13:51:04.699779987,4.846411667070406,0.9549252584262711,3.2690010360877833,0.0017072904498652841
2025-10-30 13:51:04.824959993,4.82913902300639,0.9515218983261362,3.131589624587647,0.0026400694039026007
2025-10-30 13:51:04.949929953,4.825352219360999,0.9507757556750167,4.338936857924761,0.004558598518202062
2025-10-30 13:51:05.075010061,4.828176862637276,0.9513323165691083,4.829516743059082,0.006035214769640085
2025-10-30 13:51:05.199990034,4.831578531006083,0.952002573094825,4.473244017095312,0.005981817877220186
2025-10-30 13:51:05.325059891,4.833109727291239,0.9523042763154241,4.059270227980763,0.005612106034735165
2025-10-30 13:51:05.450040102,4.833109657006744,0.9523042624667369,3.9713539089076417,0.005663008838981076
2025-10-30 13:51:05.575020075,4.832114621524056,0.9521082030766719,4.102035491867665,0.0058473400687905075
2025-10-30 13:51:05.699899912,4.831521222483886,0.9519912811619211,4.294582929659061,0.005790833386440375
2025-10-30 13:51:05.824670076,4.8328237223216,0.9522479225864581,4.530699187652276,0.005413847052259335
2025-10-30 13:51:05.949650049,4.835032242741353,0.9526830841198669,4.5841890776060925,0.004444184801376649
2025-10-30 13:51:06.074729919,4.834659270293015,0.9526095945287875,4.101379135993038,0.0029504169840425254
2025-10-30 13:51:06.199899912,4.833818051795151,0.9524438428661866,3.4585855697819596,0.0022722577962731583
2025-10-30 13:51:06.324879885,4.841256037309714,0.9539094055809524,3.828327937786808,0.003292222577100712
2025-10-30 13:51:06.449959993,4.862013538476875,0.9579994135142481,5.196524663795507,0.006040040027158411
2025-10-30 13:51:06.574939966,4.89164827887591,0.9638385712412372,6.34620763256238,0.009304034384515991
2025-10-30 13:51:06.699909925,4.918451725463864,0.9691198576688074,6.6703265936907465,0.010760259988191634
2025-10-30 13:51:06.824990034,4.9315872032261066,0.9717080405055832,6.170061881342357,0.009321656646354759
2025-10-30 13:51:06.949870110,4.929526295297045,0.9713019641810885,5.217502576081587,0.006630960281645337
