Time,Entropy_raw_at_t,Entropy_norm_at_t,v_l2,v_cos
2025-10-31 17:27:31.501529931,4.057182100399983,0.7994173693562567,6.353763677797436,0.0012937053095780637
2025-10-31 17:27:31.626620054,4.097016393842423,0.8072662223990573,11.650818446872949,0.0023819183468274385
2025-10-31 17:27:31.751509905,4.218076676680999,0.8311196483596023,14.498267242317029,0.005327846226587329
2025-10-31 17:27:31.876600027,4.371050589393541,0.8612612589293468,13.640165635360116,0.00945203871179201
2025-10-31 17:27:32.001499891,4.505795101206519,0.8878109923411411,9.819872523849787,0.010167747766555602
2025-10-31 17:27:32.126490116,4.589720408938122,0.9043474324291023,6.162825294850731,0.005386104061278707
2025-10-31 17:27:32.251379966,4.615068524420837,0.9093419639280294,9.158772382942049,0.003195272281642514
2025-10-31 17:27:32.376369953,4.5940969550140025,0.905209776505426,14.510384802824495,0.004245507339049492
2025-10-31 17:27:32.501270055,4.547001778310429,0.8959302565484523,17.33152826867697,0.004225858270130556
2025-10-31 17:27:32.626359940,4.497603221891861,0.886196884211471,16.11728199792744,0.003439727723800079
2025-10-31 17:27:32.751250029,4.463186756425074,0.8794155469174691,11.680537896601766,0.002813706460097931
2025-10-31 17:27:32.876240015,4.450202574815021,0.8768571751093788,8.066538518995308,0.0023978965274347175
2025-10-31 17:27:33.001140118,4.457074082047422,0.8782111203105805,10.512895593163949,0.0021443462715717843
2025-10-31 17:27:33.126230001,4.481370602504,0.8829984480635037,14.71663191630473,0.0024428390518450582
2025-10-31 17:27:33.251120090,4.520136548193628,0.8906367964434679,16.27865399613159,0.003732150217509833
2025-10-31 17:27:33.376209974,4.566473513453785,0.8997669202475177,14.648990682908327,0.006241627840943065
2025-10-31 17:27:33.501110077,4.606486977907917,0.9076510767140462,11.372332762746657,0.009170542329328346
2025-10-31 17:27:33.626199961,4.623242430673069,0.9109525306888556,8.868377983147314,0.009820685636986126
2025-10-31 17:27:33.751090050,4.610471946981315,0.9084362654028428,7.865285210922358,0.007740902419548945
2025-10-31 17:27:33.876179934,4.5798107890991275,0.9023948648521556,6.794751457382972,0.005012119164203521
2025-10-31 17:27:34.001080036,4.548787807610363,0.8962821714512627,5.337232853912129,0.0033081978778908283
2025-10-31 17:27:34.126169919,4.530087989407887,0.892597604403264,5.193759524743709,0.0024284370833638214
2025-10-31 17:27:34.251060008,4.529735363594196,0.8925281238639704,7.1941832519820474,0.0019488499220270405
2025-10-31 17:27:34.376149893,4.551482502995115,0.8968131277264276,9.339568932030536,0.002152891002451085
2025-10-31 17:27:34.500940084,4.5968388241264995,0.9057500277780557,10.14519358400075,0.004456909481398097
2025-10-31 17:27:34.626039982,4.659537615664407,0.9181040463438255,9.136969733647911,0.010646635546689875
2025-10-31 17:27:34.751029968,4.716483493820318,0.9293245247410344,6.76220886023539,0.016163418692659026
2025-10-31 17:27:34.876120090,4.737252580685398,0.9334168154922868,4.006212306205076,0.010546057631145689
2025-10-31 17:27:35.001110077,4.72375301679191,0.9307568940029052,2.3848581720720836,0.003905150242127786
2025-10-31 17:27:35.126209974,4.716905244685952,0.9294076255137346,3.3366045015773143,0.0054828968354735386
2025-10-31 17:27:35.251100062,4.729571805921241,0.9319034141697347,4.78369118616618,0.00919219142910499
2025-10-31 17:27:35.376189947,4.743534572605867,0.9346546040191768,5.584603294134777,0.009399599893418875
2025-10-31 17:27:35.500979900,4.747922958171604,0.9355192809200082,5.4845184987112585,0.00683276525492571
2025-10-31 17:27:35.626080036,4.745309384354463,0.9350043086427442,4.70707932121119,0.004407355009710567
2025-10-31 17:27:35.751070023,4.741839173527972,0.9343205466765877,3.790574828653564,0.003285950879284738
2025-10-31 17:27:35.876159906,4.741272978845492,0.9342089850428205,3.424968422383483,0.00322684827630082
2025-10-31 17:27:36.001149893,4.744655226936639,0.9348754150438965,3.960226632627355,0.004180593073460415
2025-10-31 17:27:36.126250029,4.75075099014923,0.9360765095156353,5.11723748450519,0.007289884524791068
2025-10-31 17:27:36.251140118,4.754564624225798,0.9368279387701608,6.633924722363451,0.013516382560276097
2025-10-31 17:27:36.376230001,4.745213262856284,0.9349853690947252,8.354014965146998,0.018783269472434583
2025-10-31 17:27:36.501019954,4.708060765691136,0.9276649307180868,10.144442142641013,0.014745846413289243
2025-10-31 17:27:36.626110077,4.6447865789742675,0.9151975376749278,11.637943781258612,0.007332551411103561
2025-10-31 17:27:36.751009941,4.582810302130413,0.902985881660739,12.087494120799231,0.004519062015497566
2025-10-31 17:27:36.876100063,4.54279192324009,0.8951007568655639,10.944252998651391,0.004213151674720361
2025-10-31 17:27:37.000989913,4.525987741840062,0.8917897015181416,8.524765792226495,0.0038985526027180972
2025-10-31 17:27:37.126080036,4.525943452503764,0.8917809748542065,6.80395718932762,0.0033884341308463295
2025-10-31 17:27:37.251080036,4.536149100603777,0.893791871125262,7.100581545963752,0.0029307663349600332
2025-10-31 17:27:37.376169920,4.550802371048588,0.8966791161691318,7.716822375240407,0.0029024090013221038
2025-10-31 17:27:37.501060009,4.562638883177103,0.8990113539523946,7.401216968949363,0.0037904466242525414
2025-10-31 17:27:37.626149893,4.5637440100607485,0.8992291054864068,7.31437314968747,0.005355124640804121
2025-10-31 17:27:37.751049995,4.551125369996134,0.8967427591022223,8.050995403966084,0.00650575207181836
2025-10-31 17:27:37.876140118,4.530302827142344,0.8926399355119664,8.903486055206747,0.007219140355480436
2025-10-31 17:27:38.001029968,4.5091426911856525,0.8884705933914707,10.144550392441598,0.009055304081808657
2025-10-31 17:27:38.126120089,4.489722064775544,0.884644000033857,12.162321203755598,0.012573585875030768
2025-10-31 17:27:38.251019955,4.463401420853684,0.8794578438784058,13.93922373912102,0.015092058806240649
2025-10-31 17:27:38.376110077,4.412679066730968,0.8694636336366864,13.724143097143003,0.012195585234640927
2025-10-31 17:27:38.500900030,4.333888111521865,0.8539388539783817,11.029600808191837,0.006277505636131275
2025-10-31 17:27:38.625989914,4.259776255994342,0.8393360328286772,7.051996248988228,0.0024871203169534173
2025-10-31 17:27:38.750790119,4.238537877895514,0.8351512740653264,5.746627079987704,0.0018956309720536968
2025-10-31 17:27:38.875880003,4.2836157010216525,0.844033299542135,8.466982693117954,0.003286720089448525
2025-10-31 17:27:39.000669956,4.3671407487000895,0.860490873355218,10.561579441557264,0.005198834317683199
2025-10-31 17:27:39.125760078,4.455041816353011,0.8778106875828756,10.77353644966257,0.006814259113623322
2025-10-31 17:27:39.250560045,4.528991281514962,0.8923815117268648,10.20527245023473,0.008606833551804138
2025-10-31 17:27:39.375750065,4.578108127487645,0.9020593765174758,10.748104500794176,0.010769730591024818
2025-10-31 17:27:39.500540018,4.59040092531695,0.9044815197340109,12.38453196082145,0.010613728455411864
2025-10-31 17:27:39.625730038,4.564366298343852,0.8993517196678632,13.647346749084821,0.0074979636873645505
2025-10-31 17:27:39.750619888,4.514881673232867,0.8896013885634485,13.232873825006191,0.004237134532143916
2025-10-31 17:27:39.875720024,4.464158166435755,0.8796069512015481,11.068811382178216,0.0025936609861088034
2025-10-31 17:27:40.000509977,4.428075738673595,0.8724973567175417,8.056809010338771,0.001954995574896201
2025-10-31 17:27:40.125799894,4.4130825671833325,0.869543138392002,6.639286028480319,0.0017964389707135764
2025-10-31 17:27:40.250590086,4.419073903798239,0.8707236568989589,8.696936945189785,0.002147363375245015
2025-10-31 17:27:40.375689983,4.442437790758364,0.8753272207985824,11.325170056888021,0.0029181593162356245
2025-10-31 17:27:40.500580072,4.477282360684249,0.8821929107620069,12.159213271512222,0.0036153814061233858
2025-10-31 17:27:40.625770092,4.5162199035399535,0.8898650702334377,11.258525381923338,0.003842292387702506
2025-10-31 17:27:40.750659943,4.55170773829797,0.8968575075469136,9.664709249185098,0.00417165486211879
2025-10-31 17:27:40.875760078,4.57758688446285,0.9019566720498514,8.538804120367324,0.005178506138317496
2025-10-31 17:27:41.000750065,4.5919315757275765,0.9047831153968101,8.001096822177383,0.006209721555578529
2025-10-31 17:27:41.125839949,4.595725985950095,0.9055307568295289,7.434134563324907,0.006125565290556745
2025-10-31 17:27:41.250629902,4.594030766093378,0.9051967348002482,7.120709016530446,0.00575749987594365
2025-10-31 17:27:41.375829935,4.593879617944701,0.9051669529338177,7.213319559008666,0.005970887480604037
2025-10-31 17:27:41.500619888,4.595347579390561,0.9054561965142943,6.5558197132477645,0.005364661212494015
2025-10-31 17:27:41.625610113,4.594531141911569,0.9052953276438448,4.779849462550363,0.003475202528436472
2025-10-31 17:27:41.750499964,4.590921088782643,0.9045840114879155,4.065281189424048,0.003412528632045664
2025-10-31 17:27:41.875689983,4.586347149665368,0.9036827735631086,5.344693923452213,0.0055850181433143575
2025-10-31 17:27:42.000489949,4.581868572161341,0.902800325460428,6.296230170704926,0.0065597556609992
2025-10-31 17:27:42.125780106,4.579308188546574,0.9022958336522694,6.1893075432036015,0.0059167568602086495
2025-10-31 17:27:42.250469922,4.581422208504012,0.9027123750426533,5.8949628065804625,0.005531333036464581
2025-10-31 17:27:42.375659943,4.588146108507146,0.9040372360716395,6.395671906489497,0.006408972027341475
2025-10-31 17:27:42.500560044,4.592499057961291,0.9048949307265651,7.827549180642175,0.008252593659756391
2025-10-31 17:27:42.625649929,4.580754675031825,0.9025808458583359,10.201166960280867,0.008707118122222579
2025-10-31 17:27:42.750439882,4.541855616301667,0.894916269206124,12.470477297315849,0.0062549688134453385
2025-10-31 17:27:42.875530005,4.484012300862952,0.8835189619326096,12.835651670694904,0.0032842447499752403
2025-10-31 17:27:43.000430107,4.433467475107769,0.8735597314519774,10.48661884842732,0.0018069239357850764
2025-10-31 17:27:43.125619888,4.410086959010624,0.8689528909873288,6.726536647065039,0.0015644948833549721
2025-10-31 17:27:43.250509977,4.417317048330451,0.8703774903376258,6.603706930596253,0.0020606224796795303
2025-10-31 17:27:43.375499964,4.450720190538737,0.8769591648623528,10.261249350179297,0.0031413071391649394
2025-10-31 17:27:43.500400066,4.503819930702928,0.8874218095120404,12.913660923714582,0.0048521902757753255
2025-10-31 17:27:43.625890017,4.566634429250438,0.899798626707732,13.309575680298117,0.007091564611934609
2025-10-31 17:27:43.750580072,4.625582947933123,0.9114137005611127,11.704894611659006,0.008710878967786106
2025-10-31 17:27:43.875669956,4.667124698486795,0.91959898683229,9.15378754003063,0.008163629525171467
2025-10-31 17:27:44.000560045,4.685466122815942,0.9232129368164449,6.591817824235057,0.005583629497585174
2025-10-31 17:27:44.125760078,4.6860091746996595,0.9233199384489973,4.720000113936228,0.0034401539672774817
2025-10-31 17:27:44.250449896,4.68158774472495,0.9224487505575721,4.379798660372985,0.003488132646117359
2025-10-31 17:27:44.375639915,4.6811775382890595,0.922367924471447,5.689323846812203,0.005932352145412767
2025-10-31 17:27:44.500730038,4.6830049200120625,0.9227279873558979,7.524170870428183,0.008317542359219221
2025-10-31 17:27:44.625829935,4.678824178770347,0.9219042241915375,8.849096718790118,0.0076240500174589165
2025-10-31 17:27:44.750519991,4.6640504859488825,0.9189932514132025,9.120456147050103,0.005299408943575279
2025-10-31 17:27:44.875610113,4.6419396276943194,0.9146365812656316,8.282283621028443,0.003892938410177682
2025-10-31 17:27:45.000299931,4.619503712691042,0.9102158627207942,7.002897560120097,0.0036518238088508737
2025-10-31 17:27:45.125400066,4.600472059972445,0.9064659118005969,6.812721413044864,0.004095338304916596
2025-10-31 17:27:45.250289916,4.584438405498545,0.9033066792190896,7.850208251802814,0.004824070968784677
2025-10-31 17:27:45.375380039,4.56885794564682,0.900236743012184,8.539492013455076,0.0054351771036860175
2025-10-31 17:27:45.500469923,4.551571094653634,0.8968305836130129,7.998272782567995,0.005636130132584682
2025-10-31 17:27:45.625469923,4.529055198714981,0.8923941058176971,6.778930656881143,0.005523355280193987
2025-10-31 17:27:45.750360012,4.495228478192736,0.8857289704442624,6.735260833730495,0.005145218201775159
2025-10-31 17:27:45.875349998,4.4537925617411025,0.877564537469128,8.106055899672667,0.004273813529539816
2025-10-31 17:27:46.000240088,4.427881279471075,0.8724590409455899,8.851819650310663,0.003355363363855446
2025-10-31 17:27:46.125339984,4.435147583620829,0.873890775978574,8.086334907495669,0.003014882089129367
2025-10-31 17:27:46.250230074,4.468052980182749,0.8803743759024132,6.892625179549297,0.003302873918729521
2025-10-31 17:27:46.375420094,4.513522304180124,0.8893335417660319,8.204061298319573,0.004354797868467153
2025-10-31 17:27:46.500109911,4.5638796977744835,0.899255841066049,11.332920061313718,0.006244087357694217
2025-10-31 17:27:46.625299931,4.61456100559737,0.9092419636439122,13.391620187799461,0.008934452460062303
2025-10-31 17:27:46.750200033,4.661578568516339,0.9185061907680827,12.940938741871665,0.011145076608982785
2025-10-31 17:27:46.875289917,4.700043226901816,0.9260851742247714,10.463946163411249,0.011092960676627794
2025-10-31 17:27:47.000180006,4.7276762709657945,0.9315299225368457,7.27464496182446,0.008608390480945971
2025-10-31 17:27:47.125269890,4.745388450931475,0.9350198877302576,4.7479930431781385,0.006219613119811673
2025-10-31 17:27:47.250169992,4.753840949478884,0.9366853476445638,4.42853425240011,0.0058790741762836385
2025-10-31 17:27:47.375260115,4.749901751450867,0.9359091775720841,6.01645066022036,0.006991643082549848
2025-10-31 17:27:47.500050067,4.729251323103743,0.9318402670088363,7.99363643735234,0.007951737614606658
2025-10-31 17:27:47.625139952,4.693531620590631,0.9248021430324919,9.427201257665022,0.007372028930786478
2025-10-31 17:27:47.750040054,4.650665291475898,0.9163558649984147,9.471711958917142,0.005586589509696149
2025-10-31 17:27:47.875129938,4.612849271233687,0.9089046876360353,8.183064409128773,0.004132205602057737
2025-10-31 17:27:48.000020027,4.592022477076406,0.9048010263791999,7.1647293320582595,0.004208460517473811
2025-10-31 17:27:48.125309944,4.591875235262396,0.9047720142075245,8.078746015229777,0.006163462269467623
2025-10-31 17:27:48.250109911,4.6050828622548305,0.9073744131544906,9.908223025993006,0.009272912737918748
2025-10-31 17:27:48.375099897,4.616756935458453,0.9096746443640269,10.896302354620397,0.011109777491634887
2025-10-31 17:27:48.499989986,4.613795522007349,0.909091134604772,10.387910175690921,0.009724129464602882
2025-10-31 17:27:48.625180006,4.594953935048219,0.9053786337831106,8.616877658954781,0.006544370459416693
2025-10-31 17:27:48.750269890,4.571276778153374,0.9007133439316035,6.9490216078730835,0.004145287440456502
2025-10-31 17:27:48.875469923,4.558137796697601,0.8981244707355103,7.613295782683672,0.003492659471884152
2025-10-31 17:27:49.000459909,4.565607519797717,0.8995962869475372,9.781854046452953,0.004483776357114944
2025-10-31 17:27:49.125550032,4.595809867818563,0.9055472847104492,11.015139930715314,0.00754918398394977
2025-10-31 17:27:49.250240088,4.640754751500277,0.9144031161199679,10.141139963030094,0.011899431519805326
2025-10-31 17:27:49.375540018,4.680239055109176,0.9221830080106419,7.797423625505285,0.013310895785835553
2025-10-31 17:27:49.500230073,4.688882511043722,0.9238860937076482,7.035454298141734,0.010113194040510698
2025-10-31 17:27:49.625319958,4.65494005788679,0.917198154655187,10.177604803910691,0.007756469681595379
2025-10-31 17:27:49.750010014,4.589354060146081,0.904275247947274,13.944143501913807,0.006370558673245541
2025-10-31 17:27:49.875109911,4.515520574450753,0.8897272761174804,16.00508359097837,0.004937281336225285
2025-10-31 17:27:49.999900103,4.459653859398114,0.8787194334136605,15.697264550978206,0.003962008411248608
2025-10-31 17:27:50.125089884,4.432252247176979,0.8733202858733566,13.611552590692177,0.0034581290552209154
2025-10-31 17:27:50.249979973,4.426978934132331,0.8722812449977869,11.478812602667185,0.0033320128717920783
2025-10-31 17:27:50.375080109,4.433166398729869,0.8735004080891012,10.294658543015986,0.0033581354533325225
2025-10-31 17:27:50.499969959,4.441032775294859,0.8750503799425536,9.677781329427006,0.0032389914280273047
2025-10-31 17:27:50.624759912,4.441940741798671,0.8752292834711553,8.830729030127923,0.0027424230667706384
2025-10-31 17:27:50.749850035,4.43224600645327,0.8733190562162184,7.828060940559229,0.0021527253036506266
2025-10-31 17:27:50.874949932,4.41311705903875,0.8695499345839499,9.301499662191091,0.0030674242543002883
2025-10-31 17:27:51.000040054,4.386833645579176,0.8643711142289346,14.144827670165336,0.0069575335661052895
2025-10-31 17:27:51.125030041,4.345861786735306,0.8562981180448657,19.49474959393554,0.01076483076945478
2025-10-31 17:27:51.249919891,4.275934981847957,0.8425199091729932,22.98181130388262,0.00913185804090999
2025-10-31 17:27:51.374910116,4.18610449941263,0.8248199277131093,23.856652671690117,0.005133783573534334
2025-10-31 17:27:51.499809980,4.113428143991963,0.8104999540399872,22.43557670809901,0.0034430508874301324
2025-10-31 17:27:51.624900103,4.078720513580629,0.8036612463080167,19.18058233387678,0.0033911514434143974
2025-10-31 17:27:51.749789953,4.08179112693834,0.8042662725533236,16.17179398825378,0.0034938072625005923
2025-10-31 17:27:51.874880075,4.118196101595727,0.8114394208991226,17.559380207273886,0.0036462001953158074
2025-10-31 17:27:51.999880075,4.183901939752949,0.8243859406734793,22.690279484338795,0.004711897078173544
2025-10-31 17:27:52.124870062,4.268799749558686,0.8411140002230665,26.952390206074206,0.007850555267496118
2025-10-31 17:27:52.249759912,4.356965591181703,0.8584859848747795,27.344477028615763,0.012035735539876247
2025-10-31 17:27:52.374850035,4.430816461564333,0.8730373821414023,22.726460801756286,0.012044940411761962
2025-10-31 17:27:52.499749899,4.481319327521039,0.8829883449646094,15.028369470555413,0.006710536400978739
2025-10-31 17:27:52.624840021,4.509588529497204,0.8885584402963814,11.44131660698536,0.004401922433685979
2025-10-31 17:27:52.749730110,4.51891337160084,0.8903957846796705,15.894498639203944,0.007818027594778898
2025-10-31 17:27:52.874819994,4.504282332740846,0.8875129200936189,20.15944680622293,0.01052002803315255
2025-10-31 17:27:52.999819994,4.460632214695708,0.8789122061803109,19.869576073028007,0.008711037143374734
2025-10-31 17:27:53.124809980,4.39596188332587,0.8661697201642219,15.47751891174351,0.005392844771996863
2025-10-31 17:27:53.249700069,4.328375155494174,0.8528525944277939,12.0986877369847,0.0032757744303287817
2025-10-31 17:27:53.374890089,4.276547976277107,0.8426406921158965,14.40148909578277,0.0026272900225988716
2025-10-31 17:27:53.499690056,4.257034220531678,0.8387957487788121,16.69539565276418,0.0038842100707671134
2025-10-31 17:27:53.624779940,4.280431517664581,0.8434058957382468,16.121899790813085,0.007931961018805445
2025-10-31 17:27:53.749670029,4.334274603660646,0.854015007456637,17.087838365465746,0.009924206462314622
2025-10-31 17:27:53.874759912,4.380054452114188,0.8630353583096715,22.522229563164082,0.004965738866962166
2025-10-31 17:27:53.999650002,4.394666705163395,0.8659145213849038,27.227739374573805,0.0014493412577227804
2025-10-31 17:27:54.124650002,4.3884828296770975,0.8646960654834062,27.03448965072883,0.0017356359107051356
2025-10-31 17:27:54.249540091,4.374886760356388,0.8620171287975533,22.42302254517196,0.002991711381029716
2025-10-31 17:27:54.374730110,4.359701745489595,0.8590251101161018,18.01473181915268,0.0037412116737430834
2025-10-31 17:27:54.499619961,4.345442711249233,0.8562155444224973,21.21247828472383,0.0039046543153868907
2025-10-31 17:27:54.624619961,4.335407826196911,0.8542382948902346,27.369509758362625,0.00374372046301652
2025-10-31 17:27:54.749510050,4.332363548973992,0.8536384578533668,28.93734210844353,0.0034048078639751234
2025-10-31 17:27:54.874599934,4.337404875194526,0.8546317886049959,24.284059137847443,0.003162950232778239
2025-10-31 17:27:54.999490023,4.3467312719461635,0.8564694393123752,16.083724223808396,0.002951110755876618
2025-10-31 17:27:55.124589920,4.350443156630498,0.8572008201122195,8.693856061087338,0.002253484363650582
2025-10-31 17:27:55.249480009,4.3426881028856785,0.8556727830385844,7.544662388255622,0.0024072686655559616
2025-10-31 17:27:55.374670029,4.333399727154042,0.8538426239012251,10.370106132988608,0.004230934964824851
2025-10-31 17:27:55.499560118,4.3360248130841414,0.8543598644974427,13.059276693754711,0.00680541657893774
2025-10-31 17:27:55.624660015,4.352803714125206,0.8576659386639471,14.746364968607924,0.008689754972234454
2025-10-31 17:27:55.749550104,4.377459336671031,0.8625240230258694,14.916451535470392,0.008776680117238866
2025-10-31 17:27:55.874540091,4.407407958885447,0.8684250272682308,13.639118520463773,0.007082656121160658
2025-10-31 17:27:55.999429941,4.445393712623781,0.8759096485090471,12.56011717826267,0.0058003814089867545
2025-10-31 17:27:56.124629974,4.493393750219262,0.8853674600723482,12.837726883691248,0.007206910713949299
2025-10-31 17:27:56.249520063,4.543212267523267,0.8951835804886515,12.92038928899652,0.009686945753961673
2025-10-31 17:27:56.374510050,4.581698405451883,0.9027667962226811,11.320913633991207,0.009160651395025532
2025-10-31 17:27:56.499399900,4.600703699499152,0.9065115534938946,8.687093736039918,0.0059540122387411465
2025-10-31 17:27:56.624490023,4.602454074050336,0.9068564430710614,7.247749030752514,0.004237698865056427
2025-10-31 17:27:56.749389887,4.594126843305354,0.9052156656222207,7.655699547365674,0.0046863328355881695
2025-10-31 17:27:56.874480009,4.578487963425717,0.9021342184740079,8.227973527642758,0.005284015484689819
2025-10-31 17:27:56.999370098,4.55641297696007,0.897784616417151,8.966729174307542,0.006033904516101418
2025-10-31 17:27:57.124459982,4.529415515384299,0.8924651017446221,11.171173789867385,0.00879795277188955
2025-10-31 17:27:57.249360085,4.495940743226921,0.8858693134275996,14.100344046728821,0.012656811840364046
2025-10-31 17:27:57.374449968,4.449590932467679,0.8767366585774116,15.505119761862664,0.01335474217165411
2025-10-31 17:27:57.499340057,4.386328243624799,0.8642715310475942,13.870045273459635,0.00965649314837369
2025-10-31 17:27:57.624429941,4.317374530502623,0.8506850578286471,10.183983848045765,0.005421976640171411
2025-10-31 17:27:57.749330044,4.2692721937542775,0.841207089487157,9.097702817379341,0.0035904722948836287
2025-10-31 17:27:57.874419928,4.271248748594445,0.8415965450825958,12.210007357399178,0.00531167923212128
2025-10-31 17:27:57.999310017,4.325626024636596,0.852310912318439,14.029180525333757,0.01004462123027583
2025-10-31 17:27:58.124399900,4.401612075842232,0.8672830204613274,12.63491150878078,0.01257087368745713
2025-10-31 17:27:58.249300003,4.457593126433369,0.8783133915637126,9.046445696518992,0.007268487245740474
2025-10-31 17:27:58.374589920,4.476294942393627,0.8819983522450832,6.295534281104662,0.001931315559301816
2025-10-31 17:27:58.499380112,4.472351785949575,0.8812214022158613,7.2789610617415725,0.002483237802262339
2025-10-31 17:27:58.624370098,4.465150392183922,0.8798024569683041,9.18190797759992,0.005184083367689829
2025-10-31 17:27:58.749269962,4.464927373918472,0.8797585139875176,10.07436201393031,0.006687763287570481
2025-10-31 17:27:58.874459982,4.472509109585058,0.881252400885308,9.977567969115418,0.006475618556371132
2025-10-31 17:27:58.999350071,4.481786271811974,0.8830803505407601,9.201077830945025,0.005318388317922862
2025-10-31 17:27:59.124439955,4.485992514729788,0.8839091384938323,8.017745451296767,0.004206712738058949
2025-10-31 17:27:59.249330044,4.481396245385289,0.8830035006749457,7.081100616712279,0.003909059466521203
2025-10-31 17:27:59.374530077,4.466305063759403,0.880029970668823,7.4809221908645736,0.00430062249708274
2025-10-31 17:27:59.499419928,4.438202161384806,0.8744926426091925,8.0842880840108,0.003912420628589097
2025-10-31 17:27:59.624409914,4.399093170533451,0.8667867014384755,6.8622340263882,0.002458920108919904
2025-10-31 17:27:59.749300003,4.363634207227536,0.8597999528862426,4.352302050000666,0.0012463966845256413
2025-10-31 17:27:59.874300003,4.3534805772584555,0.8577993061421639,5.679811987380392,0.0012522038784181788
2025-10-31 17:27:59.999190092,4.381814859188683,0.8633822246710188,7.954199816268383,0.0022271359220193965
2025-10-31 17:28:00.124279976,4.436335408337836,0.8741248220940867,7.203157771575047,0.0029262520692789895
2025-10-31 17:28:00.249269962,4.4821017003023975,0.8831425018092499,6.2649161288512065,0.003661190588159613
2025-10-31 17:28:00.374269962,4.491474766084031,0.8849893480696674,9.75035408682162,0.005484271024570497
2025-10-31 17:28:00.499160051,4.46098851016617,0.8789824097799182,13.729589987000338,0.006994907226688718
2025-10-31 17:28:00.624249935,4.408156563780977,0.868572530570144,15.076688618988554,0.007566097206542888
2025-10-31 17:28:00.749140024,4.358020029189442,0.8586937487950167,14.295661877416764,0.008027996364406542
2025-10-31 17:28:00.874239922,4.329177489893391,0.8530106844614413,13.33905520442224,0.008065855451993897
2025-10-31 17:28:00.999130011,4.331915618909964,0.8535501987945966,13.188680787803603,0.007046950198723589
2025-10-31 17:28:01.124219894,4.368600274317922,0.8607784547604995,13.793128018805488,0.005473151772524387
2025-10-31 17:28:01.249109983,4.432759844402972,0.8734203016057182,14.579734473941043,0.0056509993810808234
2025-10-31 17:28:01.374200106,4.510191814833193,0.8886773101830003,14.437617024853688,0.010581979616215542
2025-10-31 17:28:01.499099970,4.578907104529901,0.9022168050256105,12.264470021559921,0.014429733249815224
2025-10-31 17:28:01.624190092,4.615780153976641,0.90948218169824,8.581875823374048,0.008333171138824369
2025-10-31 17:28:01.749079943,4.618634480272925,0.910044591262956,6.86350873024199,0.0028410389272666148
2025-10-31 17:28:01.874170065,4.609140343440083,0.9081738894548043,7.80851454189438,0.0031379216378929486
2025-10-31 17:28:01.999069929,4.602789802708745,0.9069225942356582,7.6960992738142355,0.003870864817878239
2025-10-31 17:28:02.124160051,4.602346412642759,0.9068352297271451,7.051939926205553,0.003850459306332543
2025-10-31 17:28:02.249049902,4.606002032065202,0.9075555241555784,7.515132463864092,0.00430891289059776
2025-10-31 17:28:02.374140024,4.6075108779944145,0.9078528235159833,8.930156020416888,0.006383012045028891
2025-10-31 17:28:02.499039888,4.598635893715378,0.9061041180327548,10.714412668930063,0.008834586452537208
2025-10-31 17:28:02.624130011,4.568372874173301,0.9001411656997257,12.803097383922534,0.007997519295756317
2025-10-31 17:28:02.749119997,4.515203908014696,0.8896648809271706,14.65702484720146,0.004794506225448636
2025-10-31 17:28:02.874109983,4.453686275211396,0.8775435950278292,15.241337936241814,0.002855917651196749
2025-10-31 17:28:02.999010086,4.400628812883804,0.8670892807010306,13.737405429533014,0.0020160097459095416
2025-10-31 17:28:03.124099970,4.365581151004532,0.8601835739892582,10.258564658689826,0.0016509503320788488
2025-10-31 17:28:03.248990059,4.353555038117234,0.857813977730072,8.249179220678625,0.0019348741429205951
2025-10-31 17:28:03.374079943,4.3662424761098055,0.8603138798919424,11.17931732964102,0.0031208031286307225
2025-10-31 17:28:03.498980045,4.398639188314125,0.8666972498776317,14.749001889870073,0.004708364656226149
2025-10-31 17:28:03.624069929,4.4422501504201986,0.8752902485992063,16.36401113943516,0.005745404724802783
2025-10-31 17:28:03.748960018,4.4900506061133205,0.8847087350261426,16.136875075454018,0.005538219293461322
2025-10-31 17:28:03.874049902,4.538641120424859,0.894282892696504,15.069241013629785,0.004436971666636258
2025-10-31 17:28:03.998939991,4.587700769348997,0.9039494875187106,13.62163567709418,0.0036753631423704913
2025-10-31 17:28:04.124039888,4.63438830512924,0.9131486868919624,11.885588922421723,0.004967145577680965
2025-10-31 17:28:04.248929977,4.6705268078134505,0.9202693302432771,9.874453233101617,0.008421685434221615
2025-10-31 17:28:04.374020100,4.6820961500962675,0.9225489255249381,7.7546096049102315,0.009490821230007995
2025-10-31 17:28:04.498909950,4.660714442134299,0.9183359253912702,5.918205112206065,0.006305132980264916
2025-10-31 17:28:04.624010086,4.622768918028102,0.9108592309000788,5.616917583877655,0.004670577876951576
2025-10-31 17:28:04.749000072,4.595499911042857,0.9054862115754218,6.488114352690002,0.00543192205508336
2025-10-31 17:28:04.874089956,4.585957042581821,0.9036059078048609,6.764221162005054,0.0054081643592218676
2025-10-31 17:28:04.998980045,4.5888462601725175,0.9041751922660204,6.217881128691508,0.004525383181314235
2025-10-31 17:28:05.124079943,4.599153753586098,0.9062061558918653,5.608172955039546,0.003811150721882206
2025-10-31 17:28:05.248970032,4.615149481947915,0.9093579156037798,6.683686545767089,0.005294024132122432
2025-10-31 17:28:05.374059916,4.6392011358400564,0.9140969954398136,11.07875879842846,0.012000938411336981
2025-10-31 17:28:05.498950005,4.6591010513146385,0.9180180267579626,17.666732447903406,0.018127260688740487
2025-10-31 17:28:05.623950005,4.649991239957188,0.9162230515139413,23.37217994118003,0.013757154942686145
2025-10-31 17:28:05.748840094,4.611179321457458,0.9085756447624265,25.37993410847136,0.006868889577713255
2025-10-31 17:28:05.873830080,4.562624743547298,0.8990085679138629,22.88664107378158,0.0042839802050174125
2025-10-31 17:28:05.998719931,4.520179381444085,0.8906452362037631,18.28396277510674,0.004756816737800484
2025-10-31 17:28:06.123810053,4.4889969124130475,0.884501117762452,17.38991511067196,0.006546423395309864
2025-10-31 17:28:06.248709917,4.4673012490126185,0.8802262566068978,20.024329802524928,0.007865629644295824
2025-10-31 17:28:06.373800039,4.452505762177209,0.8773109895886532,20.769853670671154,0.007219509908225286
2025-10-31 17:28:06.498689890,4.447035840702597,0.8762332094625433,19.274535253709544,0.00615669808583863
2025-10-31 17:28:06.623780012,4.457492716234917,0.8782936069805422,18.404617279975426,0.00947000894669725
2025-10-31 17:28:06.748680115,4.47822582989786,0.8823788096588642,18.359990322510765,0.014161829795182657
2025-10-31 17:28:06.873769999,4.484827067549221,0.8836795015940933,17.31855336539057,0.01002849892906943
2025-10-31 17:28:06.998759985,4.469162848622808,0.8805930617012576,14.855881350257311,0.0035466524509616404
2025-10-31 17:28:07.123749971,4.445473738003364,0.875925416516705,11.478151933800708,0.0014873592217901077
2025-10-31 17:28:07.248650074,4.431514852962922,0.8731749914970647,8.858666144303326,0.0018340457020089573
2025-10-31 17:28:07.373739958,4.433974393160687,0.8736596133617155,11.101432361099086,0.002944158488972004
2025-10-31 17:28:07.498630047,4.449303059158636,0.8766799367153585,15.278917475322622,0.004701393510604612
2025-10-31 17:28:07.623719931,4.467330746391589,0.8802320686992604,17.197269807660543,0.006755982296897001
2025-10-31 17:28:07.748519897,4.475120222006517,0.881766888175107,15.729796282598578,0.0073587534699051105
2025-10-31 17:28:07.873709917,4.464786209696983,0.8797306993300047,12.162304661575535,0.005564234664459988
2025-10-31 17:28:07.998600006,4.4361025017034885,0.8740789307329577,10.24726759302986,0.004628933381725653
2025-10-31 17:28:08.123689890,4.395884982442714,0.8661545677997995,12.59270680914473,0.00779819685988381
2025-10-31 17:28:08.248589993,4.35340890578501,0.85778518416801,15.978916366903077,0.013490799771775919
2025-10-31 17:28:08.373680115,4.316022066614796,0.8504185716082603,17.18879753222345,0.01622443604900392
2025-10-31 17:28:08.498569965,4.286015458630845,0.8445061419898142,14.9371487997491,0.01232361868432219
2025-10-31 17:28:08.623660088,4.266174401239708,0.8405967079263774,10.14649192984516,0.00566337078733925
2025-10-31 17:28:08.748549938,4.2659247788384285,0.8405475229308744,7.681859881972011,0.002211986565088586
2025-10-31 17:28:08.873650074,4.295366011324539,0.8463485523257178,10.656746601036826,0.0037061249149537012
2025-10-31 17:28:08.998539925,4.356531409084137,0.858400434682141,13.260960535975327,0.009045415753093256
2025-10-31 17:28:09.123630047,4.436777553093912,0.8742119412297406,12.990118047987746,0.013285490980057268
2025-10-31 17:28:09.248519897,4.518634664654327,0.890340868935568,10.681071358931742,0.011869029431257783
2025-10-31 17:28:09.373620033,4.592766459816687,0.904947618942798,8.347340018070607,0.00831588938926453
2025-10-31 17:28:09.498509884,4.6579067891762875,0.9177827122284846,7.47714482398589,0.0071898841060061836
2025-10-31 17:28:09.623600006,4.713373783295727,0.9287117948843234,7.574070357087002,0.007972021131571139
2025-10-31 17:28:09.748490095,4.753183242626838,0.9365557546737631,7.704369233140374,0.008747838518537443
2025-10-31 17:28:09.873589993,4.7696334583868225,0.939797065485741,7.521578568943158,0.007954234593312126
2025-10-31 17:28:09.998480082,4.7597172995929995,0.9378432094889162,6.902929758883108,0.005562174808016462
2025-10-31 17:28:10.123569965,4.73028123615927,0.9320431985916788,6.675422697396921,0.004324256464673049
2025-10-31 17:28:10.248460054,4.695513350017737,0.9251926182160526,7.737603455747718,0.005793905485332207
2025-10-31 17:28:10.373559952,4.66620323236116,0.9194174233707847,9.08530274004576,0.00802946243175906
2025-10-31 17:28:10.498450041,4.643711497727083,0.9149857062606112,9.449849324833437,0.008431694754326258
2025-10-31 17:28:10.623539925,4.624870012577732,0.9112732254993029,8.592754953382993,0.006714119965306797
2025-10-31 17:28:10.748529911,4.607521491787262,0.9078549148321102,7.279521479107814,0.004654114679173316
2025-10-31 17:28:10.873620033,4.591912685060632,0.9047793932253866,6.546609537116599,0.0036665132932948152
2025-10-31 17:28:10.998519897,4.577921606733717,0.9020226249182759,6.269607876799234,0.003313125389087568
2025-10-31 17:28:11.123610020,4.564961855887186,0.8994690668888681,5.869473122301099,0.002915419126913177
2025-10-31 17:28:11.248500109,4.555420123985256,0.8975889870631703,5.868941680751394,0.0028048064330219447
2025-10-31 17:28:11.373589993,4.555758230016451,0.8976556066595633,6.850466288772246,0.003302550704271656
2025-10-31 17:28:11.498490095,4.571661307516384,0.9007891106692579,8.053562883459842,0.004227541756981368
2025-10-31 17:28:11.623379946,4.601723025506567,0.9067123990303283,8.490706734895983,0.005194282595539335
2025-10-31 17:28:11.748270035,4.637053051258278,0.9136737420380621,8.00567081233178,0.006100955855731782
2025-10-31 17:28:11.873460054,4.664924324743624,0.9191654305003737,7.065304886448496,0.006862417863801373
2025-10-31 17:28:11.998359919,4.674161548849963,0.9209855108449349,6.349436117309316,0.006704508546154342
2025-10-31 17:28:12.123549938,4.662519091566969,0.9186915091600965,6.076772739518321,0.0054336059932285075
2025-10-31 17:28:12.248440027,4.636393706266031,0.9135438262920696,6.181517432802969,0.00423459527469805
2025-10-31 17:28:12.373430014,4.6043639200629425,0.9072327545201143,6.424271743969349,0.003979867164213169
2025-10-31 17:28:12.498330116,4.5732150599556105,0.9010952583000176,6.950668421384956,0.004630998188923652
2025-10-31 17:28:12.623320103,4.545736965635625,0.8956810409115398,7.47394958689139,0.005273595220736671
2025-10-31 17:28:12.748209953,4.524055015084935,0.8914088817028033,7.382687362426505,0.005027458173867072
2025-10-31 17:28:12.873300076,4.508567224717172,0.8883572048673668,6.7285184615680445,0.004259538519196471
2025-10-31 17:28:12.998199940,4.49956861378744,0.8865841402872492,6.243626295818481,0.003724873121784933
2025-10-31 17:28:13.123290062,4.499984715577446,0.8866661279797211,6.555623159375088,0.0037524816407896733
2025-10-31 17:28:13.248179913,4.515053388281652,0.8896352228822397,7.331897325462897,0.004227699127433593
2025-10-31 17:28:13.373169899,4.547450417113183,0.8960186552553905,8.005924763681895,0.005154107638884908
2025-10-31 17:28:13.498070002,4.592620083904795,0.9049187773863862,8.230634343926111,0.0065286261380368416
2025-10-31 17:28:13.623059988,4.639471100435557,0.9141501886121716,7.726598928422001,0.0075308044964534915
2025-10-31 17:28:13.748049974,4.673255722738158,0.9208070290540087,6.653232591171603,0.007565385249113876
2025-10-31 17:28:13.873039961,4.6840321287181315,0.9229303860802501,6.618188439992699,0.008579503341743622
2025-10-31 17:28:13.997930050,4.669943791087977,0.9201544540347572,9.699950857671395,0.011403959939190633
2025-10-31 17:28:14.123029947,4.635608168823752,0.9133890458902789,15.24678153024172,0.012750379614058782
2025-10-31 17:28:14.248019934,4.5861306243270255,0.9036401099330094,21.510926757375028,0.01068852436629153
2025-10-31 17:28:14.373110056,4.521971599269331,0.8909983704786654,26.90421413747668,0.007693957437599375
2025-10-31 17:28:14.497999907,4.449599577007757,0.8767383618767257,29.56255419467203,0.0053730924822007475
2025-10-31 17:28:14.622999907,4.379828451148844,0.8629908276248967,27.87754313408421,0.0038452287649451966
2025-10-31 17:28:14.747889996,4.319264920572632,0.8510575357257261,21.73934777606224,0.0028577877204324365
2025-10-31 17:28:14.872980118,4.271172530031388,0.8415815271608789,14.167885592559148,0.0022643620768891815
2025-10-31 17:28:14.997970104,4.2394305946793684,0.8353271728259117,12.230543492008152,0.002089158213071318
2025-10-31 17:28:15.122970104,4.223240744464355,0.832137163812542,13.451377270924,0.0021665495325153827
2025-10-31 17:28:15.247859955,4.210045203032168,0.8295371461751996,12.131620198959745,0.002337479817516641
2025-10-31 17:28:15.372950077,4.176847882100745,0.8229960261781313,17.175364776330486,0.0029536953983274605
2025-10-31 17:28:15.498039961,4.105197687268342,0.8088782447107588,26.821092679930576,0.0033331492182719913
2025-10-31 17:28:15.623039961,4.009466273380019,0.7900155579588346,30.300733319503568,0.002758306449214043
2025-10-31 17:28:15.748029947,3.931191235126348,0.7745924333323011,23.86793581890164,0.002135192394559171
2025-10-31 17:28:15.873019934,3.9028057494943837,0.7689994257496324,16.350168965325654,0.0021166857965432273
2025-10-31 17:28:15.997910023,3.9320994228454174,0.7747713804486231,26.528503987218272,0.0028692626966784207
2025-10-31 17:28:16.122999907,4.008879113501186,0.7898998653933759,39.6218395187856,0.004695459956497228
2025-10-31 17:28:16.247800112,4.1168837859666105,0.8111808453947374,43.78082945202029,0.00815805880687559
2025-10-31 17:28:16.372889996,4.236921880750841,0.8348328618880287,38.54585342706756,0.013879468202577572
2025-10-31 17:28:16.497879982,4.340879121463353,0.8553163457049712,29.51853182246322,0.020364712552884967
2025-10-31 17:28:16.623070002,4.400480350300511,0.8670600279919219,22.867952989449712,0.019915505253776278
2025-10-31 17:28:16.747869968,4.408632172474302,0.8686662433592306,17.93305754323049,0.0112155843388414
2025-10-31 17:28:16.872960091,4.385463170416795,0.8641010791104787,11.329658374821369,0.004053540794212163
2025-10-31 17:28:16.997950077,4.361702668128485,0.8594193670837912,6.822464458142967,0.0013563312202773403
2025-10-31 17:28:17.123039961,4.361091135434627,0.859298872157682,11.778698452222216,0.0017714048662530457
2025-10-31 17:28:17.247940063,4.394350775220929,0.8658522713115138,16.863068024124942,0.004608592372860376
2025-10-31 17:28:17.373029947,4.455927260547996,0.8779851533701017,18.105619134982955,0.009177663485408272
2025-10-31 17:28:17.497819901,4.525472766761228,0.891688232071462,15.854745377025388,0.012388931096594558
2025-10-31 17:28:17.622910023,4.582515622342463,0.902927818666509,11.799573406784162,0.010412914283771335
2025-10-31 17:28:17.747910023,4.620069888142896,0.9103274205654053,7.738640734841035,0.0056688133377428285
2025-10-31 17:28:17.872999907,4.6462055067642405,0.9154771197821877,6.233632687965421,0.004925659112987701
2025-10-31 17:28:17.997790098,4.668804712783215,0.9199300127946675,8.846650301172755,0.011057422401584027
2025-10-31 17:28:18.122980118,4.675907304011014,0.9213294902286184,12.130811118988253,0.01599030468431928
2025-10-31 17:28:18.247780085,4.6497087376147626,0.9161673879341881,13.762945744863345,0.012704386911684518
2025-10-31 17:28:18.372869968,4.596645497693634,0.9057119352043029,13.628265960204512,0.008009681946581582
2025-10-31 17:28:18.497859955,4.541778245113586,0.8949010241739542,12.273800025000527,0.006326712196603745
2025-10-31 17:28:18.622849941,4.504559046429384,0.8875674430909806,10.847798066437678,0.006296858584273091
2025-10-31 17:28:18.747740030,4.493082263183531,0.8853060854185786,10.630826685416004,0.006485830766394196
2025-10-31 17:28:18.872839928,4.508125403419037,0.888270149465085,11.500808996638192,0.006884080098040313
2025-10-31 17:28:18.997829914,4.545574694570255,0.8956490674124484,11.882991684359922,0.007763299172010463
2025-10-31 17:28:19.122920036,4.596096014223563,0.9056036663074974,10.838066887308317,0.00836203011936898
2025-10-31 17:28:19.247910023,4.640918994219227,0.9144354781089222,10.160446642798288,0.007764653943298949
2025-10-31 17:28:19.373009920,4.656385256890461,0.9174829131789901,11.729404555366655,0.005641013721409682
2025-10-31 17:28:19.497900009,4.629715328824875,0.9122279349188304,15.6412624884983,0.004230505561488296
2025-10-31 17:28:19.622989893,4.568265531618254,0.9001200151817424,20.094851129846422,0.004885218562447502
2025-10-31 17:28:19.747879982,4.485728146156955,0.8838570479482751,23.433699554070973,0.005899871027084336
2025-10-31 17:28:19.872879982,4.394582252088098,0.8658978809547684,23.247485473337328,0.005494603075521076
2025-10-31 17:28:19.997770071,4.302076607344457,0.8476707919699592,18.59922221896254,0.003976411696052895
2025-10-31 17:28:20.122859955,4.21554245732583,0.8306203118940092,12.204818548311852,0.0025152760044301337
2025-10-31 17:28:20.248049974,4.149783128581461,0.8176632524634567,13.058556824526626,0.002018577766591867
2025-10-31 17:28:20.373049974,4.121329665185738,0.8120568507062762,19.53802423279898,0.0026773148566432425
2025-10-31 17:28:20.497940063,4.142994182853311,0.8163255749817965,23.552610759652993,0.004193724234344498
2025-10-31 17:28:20.622930050,4.206845254787721,0.8289066360959503,22.826431045396404,0.00538887684596856
2025-10-31 17:28:20.747819901,4.2925799882044124,0.8457996010539871,18.024096849360802,0.005354520354953207
2025-10-31 17:28:20.872809887,4.373238810515016,0.8616924207380136,11.436407436523938,0.005212382576125885
2025-10-31 17:28:20.997709990,4.426962348996831,0.8722779771027152,9.75940564559697,0.0061671160388784285
2025-10-31 17:28:21.122800112,4.432196940017253,0.8733093882840838,14.51097791230057,0.005566119882543408
2025-10-31 17:28:21.247590065,4.386086016442958,0.8642238031882814,16.996075173745556,0.002947763795747793
2025-10-31 17:28:21.372580051,4.316669532649724,0.8505461467531716,13.880242558695794,0.001235455431761845
2025-10-31 17:28:21.497479916,4.254592625333061,0.8383146627534845,6.909222738285475,0.0007933992353109653
2025-10-31 17:28:21.622570038,4.22274914989944,0.832040301205898,8.226872848167645,0.0011786820021250088
2025-10-31 17:28:21.747560024,4.2273746150248,0.8329516916909838,15.674544479976225,0.002106812377538514
2025-10-31 17:28:21.872550011,4.27023852250772,0.8413974925725728,19.13703379025937,0.0037846506625582865
2025-10-31 17:28:21.997450113,4.348989024885434,0.8569143015026106,17.2230721709153,0.006265600858587073
2025-10-31 17:28:22.122539997,4.444928343620453,0.8758179533237648,11.924331437794278,0.0079156923096394
2025-10-31 17:28:22.247529984,4.516016951970732,0.8898250811460469,8.473439820030706,0.006796354247767367
2025-10-31 17:28:22.372420073,4.529023881379827,0.8923879351255605,9.815256233857575,0.0047456282300383235
2025-10-31 17:28:22.497420073,4.493255684813267,0.8853402559979615,10.460348875594448,0.003239785205572554
2025-10-31 17:28:22.622509956,4.439268802324026,0.8747028109655979,8.229529310488902,0.002321660410209647
2025-10-31 17:28:22.747499943,4.39418720526516,0.8658200418821929,5.771931950340631,0.0019305389426637065
2025-10-31 17:28:22.872590065,4.37337511163939,0.8617192771826077,7.992905425140097,0.0019388666751769534
2025-10-31 17:28:22.997590065,4.384961446752728,0.8640022206905836,11.330891552507815,0.0023992440749873722
2025-10-31 17:28:23.122580051,4.4265673106415555,0.8722001396985872,11.800533841529205,0.0034164866292482055
2025-10-31 17:28:23.247570038,4.480970633805215,0.8829196391963897,9.822019302432825,0.00691826982908661
2025-10-31 17:28:23.372560024,4.514062563670619,0.889439993192163,10.65153326132515,0.014661438158289575
2025-10-31 17:28:23.497550011,4.486325802005118,0.8839748086141994,16.07225688347558,0.015555611253649237
2025-10-31 17:28:23.622649908,4.386477908509164,0.8643010206552044,20.171464661427514,0.007932760312626241
2025-10-31 17:28:23.747639894,4.253783874293318,0.8381553084004739,19.510143490286676,0.0026519865290035582
2025-10-31 17:28:23.872529984,4.146981932200087,0.8171113114889494,14.462727639627154,0.000866928343852047
2025-10-31 17:28:23.997519970,4.100652806939236,0.8079827324594414,8.72602113424039,0.0010060101937603427
2025-10-31 17:28:24.122519970,4.117990393643927,0.8113988887007607,8.893863422382365,0.0023789525114726873
2025-10-31 17:28:24.247509956,4.174865356515741,0.8226053941215399,12.766713355569365,0.004364638753693306
2025-10-31 17:28:24.372499943,4.244210630343768,0.8362690195169653,15.001283576831746,0.005733745541932733
2025-10-31 17:28:24.497590065,4.308133249615214,0.8488641781457344,15.315256888537913,0.0056405767580504085
2025-10-31 17:28:24.622590065,4.362062174891396,0.8594902034287124,15.248562026805613,0.004477328529015834
2025-10-31 17:28:24.747580051,4.410536858209911,0.8690415380397579,15.55949784755141,0.004049497476886543
2025-10-31 17:28:24.872570038,4.463886607222857,0.8795534438296266,14.859632450806041,0.005737512890513274
2025-10-31 17:28:24.997560024,4.530269266960792,0.8926333228947885,12.346780499904662,0.010530098507698593
2025-10-31 17:28:25.122459888,4.594185311154816,0.905227185986171,10.662968484245416,0.015482171525444177
2025-10-31 17:28:25.247349977,4.617840371794243,0.9098881220448382,11.227721561273597,0.013765237665206542
2025-10-31 17:28:25.372339964,4.595888197697483,0.9055627186407483,10.820968408823445,0.007033045772250834
2025-10-31 17:28:25.497230053,4.559619378215292,0.8984163979820695,7.597023474004671,0.002173111436713948
2025-10-31 17:28:25.622230053,4.538200943819433,0.8941961613605043,4.984858921613932,0.001701400947915821
2025-10-31 17:28:25.747220039,4.540570977889804,0.8946631471538296,8.781604520362496,0.006169073774747957
2025-10-31 17:28:25.872210026,4.556679702057164,0.8978371712865614,12.404097205327682,0.012460757523817811
2025-10-31 17:28:25.997200012,4.566192219979203,0.899711494860167,13.08359810411597,0.012508801286485793
2025-10-31 17:28:26.122189999,4.554399379074173,0.8973878619493822,11.356253598917865,0.00654240475266632
2025-10-31 17:28:26.247289896,4.53022506098597,0.8926246126561973,9.378726377312168,0.0027510907244401306
2025-10-31 17:28:26.372279882,4.513629969492286,0.8893547558792982,8.241029907475522,0.002220215807006376
2025-10-31 17:28:26.497270107,4.507898705673827,0.8882254814884869,7.404215559852914,0.0024348720142123303
2025-10-31 17:28:26.622260094,4.5029833608337855,0.8872569738040236,7.168066464160542,0.0024423277488773154
2025-10-31 17:28:26.747159958,4.490655276572939,0.8848278778341787,7.676890859717297,0.0021729716477165706
2025-10-31 17:28:26.872149944,4.470475245977964,0.8808516533087443,7.967181644580596,0.001839097468765094
2025-10-31 17:28:26.997240067,4.445943227853905,0.8760179236637768,7.432324884329331,0.0017012496603683314
2025-10-31 17:28:27.122230053,4.421517926305517,0.871205221195327,6.016600362873291,0.001683083033157451
2025-10-31 17:28:27.247230053,4.40067825883637,0.8670990234121901,5.029989289958676,0.0018724171293726943
2025-10-31 17:28:27.372220039,4.389109945168828,0.8648196308064003,6.554151066616944,0.002585953492719839
2025-10-31 17:28:27.497309923,4.3884376436911925,0.8646871621457966,8.28440605898751,0.0029234959663975157
2025-10-31 17:28:27.622400045,4.393653329803616,0.8657148483497188,7.936190979052798,0.002404485340643747
2025-10-31 17:28:27.747299910,4.405058187455847,0.8679620339767405,6.221808493102227,0.0018086959147626258
2025-10-31 17:28:27.872289896,4.425950916023183,0.8720786867906055,6.567372300993982,0.002313627050953393
2025-10-31 17:28:27.997279882,4.450610961408492,0.8769376426181456,8.90758479178986,0.004260372513929522
2025-10-31 17:28:28.122370005,4.464917479201042,0.8797565643562755,10.519611014730723,0.005958847318330296
2025-10-31 17:28:28.247159958,4.458224817503021,0.8784378584475375,10.174166383895685,0.005277032934017489
2025-10-31 17:28:28.372260094,4.4315926576128035,0.8731903219375017,8.422300740191844,0.003334875647973745
2025-10-31 17:28:28.497250080,4.396078852595694,0.8661927675068514,6.9663124210640275,0.002339124652068758
2025-10-31 17:28:28.622240067,4.361537754394598,0.859386872879673,7.232908661384159,0.002483659505135072
2025-10-31 17:28:28.747329950,4.333318813436748,0.8538266808576488,8.204398809779729,0.002793466950416268
2025-10-31 17:28:28.872329950,4.314300979625331,0.8500794527815714,8.3750344118976,0.0025524612109707467
2025-10-31 17:28:28.997319937,4.306555279050481,0.8485532586339738,7.406118684177294,0.002143991215153407
2025-10-31 17:28:29.122309923,4.311225520688198,0.8494734717749894,6.2583561495697895,0.0023126703978429974
2025-10-31 17:28:29.247299910,4.321654543629827,0.8515283812857387,6.226447294981625,0.002602294544507111
2025-10-31 17:28:29.372299910,4.3259475498161875,0.8523742648638487,6.811600237947249,0.0019969068287070124
2025-10-31 17:28:29.497289896,4.316038057642295,0.8504217224417256,6.815868038240617,0.0011696655198383255
2025-10-31 17:28:29.622279882,4.296554019344562,0.8465826345588143,6.817138990447972,0.0014719611729542281
2025-10-31 17:28:29.747270107,4.2774758182235,0.8428235118537366,8.443703165266175,0.0032556005334628546
2025-10-31 17:28:29.872169971,4.269049752905763,0.8411632602792102,11.203855670311405,0.006074459043525882
2025-10-31 17:28:29.997159958,4.279558823291529,0.8432339421451635,13.541511577823652,0.008888469623825168
2025-10-31 17:28:30.122050047,4.312067796834547,0.8496394318340954,14.555299942794688,0.010511673128079102
2025-10-31 17:28:30.247040033,4.36307319524143,0.8596894124384609,14.236511631608494,0.010409127168356846
2025-10-31 17:28:30.372139931,4.422137597028385,0.8713273196190318,12.921312889477603,0.008809292870016416
2025-10-31 17:28:30.497129917,4.480779670338351,0.882882012215755,11.150759800560499,0.0064504562022905665
2025-10-31 17:28:30.622020006,4.533920957432475,0.8933528431722462,9.680922519863023,0.004327452546388666
2025-10-31 17:28:30.747009993,4.580492496075829,0.9025291867495958,9.128288057021258,0.0032775622601990406
2025-10-31 17:28:30.871799946,4.622135131913504,0.910734351213654,8.848774012739112,0.0034457821371801645
2025-10-31 17:28:30.996799946,4.655945703517139,0.91739630464314,7.319560599865336,0.0038176785831930404
2025-10-31 17:28:31.121789932,4.670641077691562,0.9202918457042784,6.983521725101097,0.00546744415516176
2025-10-31 17:28:31.246779919,4.655303375809632,0.917269741941863,11.275202952739965,0.009323988743306644
2025-10-31 17:28:31.371870041,4.606887407272639,0.9077299763496647,16.16507114014853,0.009609215228134405
2025-10-31 17:28:31.496870041,4.534220410273939,0.8934118466374211,17.492154073245644,0.005787633032395489
2025-10-31 17:28:31.621860027,4.459970009949239,0.8787817269552484,13.890472094477316,0.002639286903184934
2025-10-31 17:28:31.746850014,4.406818103491962,0.8683088035850706,7.659383298896068,0.0013707467676636886
2025-10-31 17:28:31.871740103,4.38566192628126,0.8641402414863305,6.668312048222849,0.0014900515017609584
2025-10-31 17:28:31.996740103,4.396532098671782,0.8662820740198083,10.312927298703407,0.0025882025905274997
2025-10-31 17:28:32.121829987,4.431142947154715,0.8731017120741825,11.946126766363939,0.004134030796412724
2025-10-31 17:28:32.246819973,4.476033837757841,0.8819469048178045,10.935178115465702,0.004826782198936175
2025-10-31 17:28:32.371809959,4.516637395969855,0.8899473319342388,8.632536907000572,0.004018478249254609
2025-10-31 17:28:32.496809959,4.545744026847453,0.8956824322356768,7.303809636226563,0.003168020979690822
2025-10-31 17:28:32.621900082,4.566360235734644,0.8997446002791255,8.101524172199204,0.0037748277860411017
2025-10-31 17:28:32.746890068,4.5848805433642505,0.9033937969970813,9.526195592657595,0.0051871881285863175
2025-10-31 17:28:32.871779919,4.600343876431011,0.9064406548249542,10.1044705049522,0.0058408575532972185
2025-10-31 17:28:32.996779919,4.608524883523064,0.9080526207181215,9.456809053795949,0.004992377059285791
2025-10-31 17:28:33.121670008,4.6057514432981845,0.9075061487497026,8.734892954327087,0.004102985732316378
2025-10-31 17:28:33.246659994,4.588678192586961,0.904142076634581,9.108768047372433,0.005183192781119561
2025-10-31 17:28:33.371750116,4.551155071970664,0.8967486115076002,10.238135312932284,0.007131199579251235
2025-10-31 17:28:33.496840000,4.487629844326449,0.8842317539659855,11.160133184070656,0.006453352181511107
2025-10-31 17:28:33.621740103,4.4092174362159735,0.8687815623143992,10.872681665235675,0.003731909009036083
2025-10-31 17:28:33.746730089,4.345239796318191,0.8561755625542048,9.449218252565233,0.002586027642660138
2025-10-31 17:28:33.871720076,4.318581069163081,0.8509227912944125,9.97535739093843,0.004321481883639455
2025-10-31 17:28:33.996710062,4.326372192643605,0.8524579354617193,13.528856436546848,0.008056129117952504
2025-10-31 17:28:34.121710062,4.350983754662932,0.8573073382438373,16.232005011672616,0.011498465469715335
2025-10-31 17:28:34.246700048,4.37686498028989,0.8624069124789642,15.859381396545892,0.01144697375304482
2025-10-31 17:28:34.371690035,4.396154019754558,0.8662075782624237,13.343015250086992,0.007901484744295417
2025-10-31 17:28:34.496680021,4.413097127960751,0.8695460074124433,11.163570973769863,0.0049995330119825265
2025-10-31 17:28:34.621680021,4.43865338032298,0.8745815496997869,10.102969120797907,0.005478108016735317
2025-10-31 17:28:34.746670008,4.473885062183412,0.8815235152645287,8.741269779574761,0.00663705640750567
2025-10-31 17:28:34.871659994,4.506228988053456,0.887896484358308,6.622505482871946,0.005095114111749233
2025-10-31 17:28:34.996649981,4.523486143486437,0.8912967926159645,5.50507697659288,0.003310617340125277
2025-10-31 17:28:35.121649981,4.520685352116679,0.8907449314439686,6.13881248321929,0.0029285074251723664
2025-10-31 17:28:35.246740103,4.4993721075097906,0.8865454211645543,6.49026992016996,0.0027506808193653587
2025-10-31 17:28:35.371730089,4.468770866685479,0.8805158265263455,5.439637331067301,0.0021080128295625222
2025-10-31 17:28:35.496720076,4.448547254669443,0.8765310148228859,4.866757821585538,0.002041527536611798
2025-10-31 17:28:35.621809959,4.459181699486688,0.878626400164236,6.885164474345185,0.00411495553356267
2025-10-31 17:28:35.746710062,4.495255570618219,0.8857343086703938,9.670762126477365,0.007859557543634543
2025-10-31 17:28:35.871700048,4.528944667404246,0.8923723269949889,11.770757842351102,0.00925145926000015
2025-10-31 17:28:35.996690035,4.543028156723655,0.8951473037410337,12.610672868015925,0.006828695008605945
2025-10-31 17:28:36.121680021,4.541844589074073,0.8949140964278124,12.575818975829366,0.004634712361248572
2025-10-31 17:28:36.246579885,4.533697148675831,0.8933087444349828,12.037374923844029,0.00406158112055377
2025-10-31 17:28:36.371570110,4.521369623824157,0.8908797586897712,10.586971031082918,0.003580691682354531
2025-10-31 17:28:36.496459961,4.508506868383336,0.8883453124010132,8.218717469833356,0.002580116352923545
2025-10-31 17:28:36.621449947,4.502759797630558,0.8872129234500128,7.741887948217023,0.0022473994455781687
2025-10-31 17:28:36.746449947,4.510759716620725,0.888789208180627,9.728245139820901,0.0035123039588702554
2025-10-31 17:28:36.871540070,4.527283148206123,0.8920449452621435,10.846770364051967,0.005076573888537106
2025-10-31 17:28:36.996629953,4.532953001338662,0.8931621194396111,13.021738274330657,0.006236507343125641
2025-10-31 17:28:37.121619940,4.504713568308372,0.8875978897090893,18.979650206342267,0.008488528292445952
2025-10-31 17:28:37.246619940,4.431606625707971,0.8731930741772626,24.536422793003485,0.009414794796546055
2025-10-31 17:28:37.371710062,4.322064149883489,0.851609089113406,24.83469601732647,0.0069511885675750396
2025-10-31 17:28:37.496599913,4.200308755010161,0.8276186999551347,18.504945998277783,0.003688977608201194
2025-10-31 17:28:37.621589899,4.099773313932274,0.8078094392799405,9.9012678679507,0.0016601836428792316
2025-10-31 17:28:37.746390104,4.0550499122036125,0.7989972481399212,13.388795413820727,0.0013422647570631163
2025-10-31 17:28:37.871380091,4.0870479363409835,0.8053020615911028,22.14697244699941,0.003060346598568575
2025-10-31 17:28:37.996370077,4.183230857375878,0.8242537122215084,26.187230181851728,0.0071013903085743735
2025-10-31 17:28:38.121360064,4.303535218148601,0.8479581931225592,24.391942520944703,0.0115186427259798
2025-10-31 17:28:38.246350050,4.406466241467816,0.8682394735410257,18.838631877239813,0.011481968478240678
2025-10-31 17:28:38.371350050,4.472350886110855,0.8812212249138116,12.59800948465431,0.006994040035870341
2025-10-31 17:28:38.496239901,4.5032459694222196,0.8873087175665023,8.97240930875002,0.004539948785641568
2025-10-31 17:28:38.621229887,4.507304937981181,0.8881084869353421,9.292907549069021,0.006620451058981569
2025-10-31 17:28:38.746419907,4.4855945765217955,0.8838307297097238,10.792825284296878,0.009530915494371905
2025-10-31 17:28:38.871419907,4.431320286173934,0.8731366545265349,11.131840810925658,0.008588768963263993
2025-10-31 17:28:38.996309996,4.349898395514506,0.8570934816966648,9.333243630049521,0.0049295412645559145
2025-10-31 17:28:39.121299982,4.2707989638579615,0.8415079205836411,5.810584581738226,0.001992666684066169
2025-10-31 17:28:39.246390104,4.234101308746521,0.8342771031875377,4.449036686584747,0.0010535585720212737
2025-10-31 17:28:39.371390104,4.268061369281442,0.8409685115552641,7.9853154437834215,0.0025415800571154668
2025-10-31 17:28:39.496279955,4.363958341276174,0.8598638194769128,11.148165821740543,0.006616998247372274
2025-10-31 17:28:39.621269941,4.481110628839367,0.8829472234800516,12.223267779697949,0.011564951433847726
2025-10-31 17:28:39.746259928,4.578776882587185,0.9021911464082987,11.389919789117613,0.013412372405809947
2025-10-31 17:28:39.871360064,4.638464459944856,0.9139518425993357,9.568946582345047,0.010816032746550519
2025-10-31 17:28:39.996350050,4.659914240520321,0.9181782555964787,7.788751559285353,0.007272861211817583
2025-10-31 17:28:40.121340036,4.651708106144966,0.9165613386840524,6.776596064362698,0.005468986615040916
2025-10-31 17:28:40.246330023,4.624591261209532,0.9112183010024584,6.344476871084092,0.004768616880766685
2025-10-31 17:28:40.371419907,4.587230587635115,0.9038568440485558,7.226294435396056,0.0058503052640991315
2025-10-31 17:28:40.496419907,4.5447635395242205,0.8954892393798402,10.610047228289702,0.010211439639978948
2025-10-31 17:28:40.621409893,4.498256001381258,0.8863255063066272,14.27459735184254,0.012808381204942876
2025-10-31 17:28:40.746299982,4.448193865193582,0.8764613838134414,15.67219072447394,0.00984260362644751
2025-10-31 17:28:40.871289968,4.400329145019673,0.8670302348683083,13.610051145606693,0.005360631326979837
2025-10-31 17:28:40.996289968,4.363602544693773,0.859793714177005,8.775755970156077,0.0024532437690129028
2025-10-31 17:28:41.121380091,4.34606228744693,0.8563376242211904,5.370260862659189,0.001305130413088329
2025-10-31 17:28:41.246370077,4.351063644625619,0.8573230795692766,8.680793414339094,0.0014124186988214715
2025-10-31 17:28:41.371360064,4.3786909831548435,0.862766703676553,11.828564182563792,0.0029527290240976
2025-10-31 17:28:41.496259928,4.424433462478679,0.8717796914064575,12.123615691677829,0.007070008329963184
2025-10-31 17:28:41.621249914,4.468368108252216,0.8804364679766827,12.13392497717577,0.011864625990320232
2025-10-31 17:28:41.746239901,4.480801240291147,0.8828862623071964,14.252818531355686,0.010541354755768673
2025-10-31 17:28:41.871229887,4.45100167018602,0.8770146269327233,16.080694651768127,0.005328549074292033
2025-10-31 17:28:41.996229887,4.402574343211702,0.8674726233014473,15.376316398621029,0.0025817860195849196
2025-10-31 17:28:42.121119976,4.366757671800746,0.860415392807499,13.110088813957322,0.0027907722941907798
2025-10-31 17:28:42.246109962,4.355917267182254,0.8582794256439797,11.905934374182731,0.004177807667338107
2025-10-31 17:28:42.371000051,4.36606024434583,0.8602779733849715,13.159508266187267,0.005230308879489276
2025-10-31 17:28:42.496000051,4.3904274767089975,0.8650792340413112,15.333336484494852,0.005161717369673968
2025-10-31 17:28:42.620889902,4.426130877583784,0.8721141459821826,16.521386916779022,0.0038993150833396273
2025-10-31 17:28:42.745879889,4.473839077078086,0.8815144544703568,15.883246172965208,0.0025726908037102536
2025-10-31 17:28:42.870870113,4.530729769917912,0.8927240592860698,13.720965877332432,0.003401733702594334
2025-10-31 17:28:42.995860100,4.584386112475587,0.9032963755280513,10.7893622434282,0.006244958558423663
2025-10-31 17:28:43.120759964,4.6160270512594685,0.9095308297429802,7.823631813138768,0.00656394057032772
2025-10-31 17:28:43.245850086,4.615881156641528,0.9095020830195669,5.754961536195616,0.004170575673125176
2025-10-31 17:28:43.370739937,4.590578771390108,0.9045165620950478,5.759838789647155,0.003417482839876085
2025-10-31 17:28:43.495830059,4.549629242376092,0.8964479657267618,7.091963405744492,0.004453895966992083
2025-10-31 17:28:43.620729923,4.495295406569975,0.8857421578501867,8.201244287815049,0.00491975591885041
2025-10-31 17:28:43.745719910,4.430735466556316,0.873021423080498,8.788364980936331,0.004134203367904932
2025-10-31 17:28:43.870709896,4.368544135485559,0.8607673933004575,8.843282856818046,0.0031540120239927916
2025-10-31 17:28:43.995800018,4.326458870541154,0.8524750142654618,8.022188567177292,0.002701977425434876
2025-10-31 17:28:44.120800018,4.311540051682521,0.8495354462030139,6.538625381869034,0.002497038768493387
2025-10-31 17:28:44.245889902,4.321814796015609,0.8515599570290759,7.132954941145917,0.0025610650847659455
2025-10-31 17:28:44.370680094,4.357356313472759,0.8585629718520299,10.468202281984093,0.0037503462654944197
2025-10-31 17:28:44.495670080,4.418515938234241,0.8706137167108371,13.28084276453332,0.008172669967995039
2025-10-31 17:28:44.620670080,4.494848097493183,0.8856540211492427,13.860735877878165,0.016608984614602473
2025-10-31 17:28:44.745860100,4.558101637837897,0.8981173460810609,12.659154288437518,0.019345812797953776
2025-10-31 17:28:44.870749950,4.579665866295729,0.9023663096127342,11.09187144446351,0.009973560550872285
2025-10-31 17:28:44.995939970,4.560067635573908,0.8985047215301756,10.115971016962039,0.0028953351629184
2025-10-31 17:28:45.120739937,4.527903685913122,0.8921672145143091,9.399776664611185,0.0024427112364793224
2025-10-31 17:28:45.245830059,4.506971064894396,0.8880427013880997,9.20650235334679,0.004383782882627085
2025-10-31 17:28:45.370719910,4.504191061013519,0.8874949361327439,10.226403011187806,0.006439792070869754
2025-10-31 17:28:45.495709896,4.515836080299595,0.8897894426284862,11.255192268084896,0.0074766971385877845
2025-10-31 17:28:45.620699883,4.5336110122026705,0.8932917723121953,10.88268821843638,0.006625915475580335
2025-10-31 17:28:45.745699883,4.548930710948938,0.8963103287802089,9.082600498371104,0.004187673146346049
2025-10-31 17:28:45.870690107,4.557420377934459,0.8979831122738575,7.174191078197596,0.002036825381158125
2025-10-31 17:28:45.995779991,4.563121392002503,0.8991064263268524,6.279711248116827,0.0016188313498461948
2025-10-31 17:28:46.120769978,4.574543067105992,0.9013569256238825,6.290265002006593,0.0029354149928931816
2025-10-31 17:28:46.245769978,4.594581759598954,0.9053053012308052,6.746162991293941,0.0052324325401530425
2025-10-31 17:28:46.370759964,4.615985110177785,0.909522565773467,6.9253492372378584,0.00659510557623888
2025-10-31 17:28:46.495749950,4.631507207486659,0.9125810023657827,6.489572930587883,0.00586128027513233
2025-10-31 17:28:46.620739937,4.63937525093828,0.9141313026585538,6.223768979713017,0.00528667140144945
2025-10-31 17:28:46.745739937,4.641579540356878,0.914565630525706,6.864106779455137,0.006439689083626021
2025-10-31 17:28:46.870729923,4.639987487609556,0.9142519362946744,7.443483339022465,0.007563484285085131
2025-10-31 17:28:46.995820045,4.636435281676874,0.913552018210683,7.006222863527465,0.00673269406846666
2025-10-31 17:28:47.120810032,4.631699146525272,0.9126188215707205,5.913000560484245,0.0050109165489800045
2025-10-31 17:28:47.245709896,4.626697072583051,0.9116332249932777,5.810301632979909,0.005496539221877872
2025-10-31 17:28:47.370599985,4.619456309203478,0.9102065224520094,8.191449232708155,0.008220902223086912
2025-10-31 17:28:47.495690107,4.596133493008081,0.9056110510367466,13.826717215913833,0.009250706617767612
2025-10-31 17:28:47.620579958,4.542116805992347,0.8949677333924138,21.057610586567225,0.007307993399211954
2025-10-31 17:28:47.745670080,4.467104424985699,0.8801874748756536,26.119461466422827,0.004646094047055183
2025-10-31 17:28:47.870569944,4.398116167821849,0.8665941951821046,25.38335347139333,0.002953414690746392
2025-10-31 17:28:47.995660067,4.3537707187162695,0.8578564749147769,17.93295978091598,0.0022491035878927645
2025-10-31 17:28:48.120650053,4.339741538825894,0.8550921991675572,10.103998887557294,0.0021735820613492107
2025-10-31 17:28:48.245840073,4.355028653416756,0.8581043353322291,16.717204680238407,0.002574148173313362
2025-10-31 17:28:48.370840073,4.399460405984209,0.8668590606253974,24.684577556116633,0.003371216782137032
2025-10-31 17:28:48.495830059,4.470526169443374,0.8808616871454689,25.848545747623564,0.005055618456735078
2025-10-31 17:28:48.620719910,4.555842727580701,0.8976722558556944,20.2342336814914,0.008510882898198235
2025-10-31 17:28:48.745810032,4.622266526579759,0.9107602409015817,12.869089647041356,0.012156492795239449
2025-10-31 17:28:48.870709896,4.629302587042575,0.9121466092741674,11.722207800504435,0.010102074823650109
2025-10-31 17:28:48.995699883,4.578615793092693,0.9021594057230814,17.385386969798486,0.009168901330534163
2025-10-31 17:28:49.120589972,4.512218615448845,0.8890766660847762,22.848391770061653,0.009337454733974404
2025-10-31 17:28:49.245579958,4.439109487107759,0.87467141987988,25.058195636061246,0.006485741427031622
2025-10-31 17:28:49.370480061,4.353487986781612,0.8578007660967244,22.016621468884523,0.0030752821367536765
2025-10-31 17:28:49.495470047,4.2711911248391985,0.8415851910369327,14.574879334308712,0.0015528354074624273
2025-10-31 17:28:49.620460033,4.216156276757529,0.8307412573934237,10.445840331617942,0.0021024359853685226
2025-10-31 17:28:49.745450020,4.202708000575669,0.8280914415109621,17.455539737384353,0.004184138287489758
2025-10-31 17:28:49.870349884,4.231067595983366,0.8336793477463253,24.490014316920206,0.007119012597154306
2025-10-31 17:28:49.995340109,4.292124158953294,0.8457097855584568,26.560934395674902,0.00983690617776789
2025-10-31 17:28:50.120330095,4.373124822680803,0.8616699608502614,23.600572296277562,0.011087323646550407
2025-10-31 17:28:50.245320082,4.457635783765513,0.8783217966614879,17.614496953499607,0.009909320825205126
2025-10-31 17:28:50.370310068,4.524534770338587,0.8915034115201292,11.760941286423504,0.007690645980083621
2025-10-31 17:28:50.495209932,4.563299119706296,0.8991414453646752,8.654742941401668,0.006306170387861076
2025-10-31 17:28:50.620199919,4.5772576349624305,0.9018917975229079,8.174407410100992,0.006009286070597586
2025-10-31 17:28:50.745290041,4.5783699173815,0.9021109589663507,8.173347525250655,0.006010343958802067
2025-10-31 17:28:50.870179892,4.578588588630307,0.9021540454214688,8.656292173587024,0.006407146954747978
2025-10-31 17:28:50.995280027,4.585385190409413,0.9034932314329321,9.468921383305808,0.006827209681811719
2025-10-31 17:28:51.120270014,4.598995885760086,0.9061750499964302,9.524182973611595,0.006615388024098667
2025-10-31 17:28:51.245260000,4.613763509274091,0.9090848268930712,8.150065444428037,0.005244221320354292
2025-10-31 17:28:51.370249987,4.621377590042943,0.9105850869917496,6.036814956223605,0.004526157442699463
2025-10-31 17:28:51.495249987,4.613641052978592,0.9090606984001451,5.851801985847523,0.00626311918637279
2025-10-31 17:28:51.620239973,4.583863390806566,0.903193379711937,6.977202655762981,0.005632111902183157
2025-10-31 17:28:51.745229959,4.5385052904100185,0.8942561290781954,6.67148899311443,0.0027527233817067343
2025-10-31 17:28:51.870120049,4.501935251709551,0.8870504569117176,5.182042207427397,0.001795652355889299
2025-10-31 17:28:51.995219946,4.49595991498777,0.8858730909850876,4.751265382400987,0.002565884939839669
2025-10-31 17:28:52.120110035,4.5244471729448295,0.8914861515410731,5.885732174945867,0.0038690766951420263
2025-10-31 17:28:52.245199919,4.573592500085329,0.9011696281922537,6.920105761463186,0.005460849292354908
2025-10-31 17:28:52.370189905,4.621093949651122,0.9105291991734901,7.471152352063971,0.007190945392713033
2025-10-31 17:28:52.495189905,4.645640926073242,0.9153658761654069,7.889562825451484,0.007944055663439697
2025-10-31 17:28:52.620179892,4.638231232807513,0.9139058880870699,8.535931876080257,0.007810540350494555
2025-10-31 17:28:52.745270014,4.604235570933547,0.9072074649174193,9.174170815256002,0.0075479097388597705
2025-10-31 17:28:52.870160103,4.55628764440597,0.8977599211931719,9.399982101288703,0.006905531952699828
2025-10-31 17:28:52.995249987,4.508557292771089,0.8883552479006805,9.118847003120734,0.005745176911813754
2025-10-31 17:28:53.120150089,4.468598435688298,0.8804818511388103,9.745799621701648,0.005943173981082683
2025-10-31 17:28:53.245239973,4.4364900839470165,0.8741552990028216,12.030847785799763,0.008281956387426681
2025-10-31 17:28:53.370130062,4.410136655484801,0.8689626830606617,13.548326558853274,0.009492710584952269
2025-10-31 17:28:53.495219946,4.389180363195059,0.8648335058043403,12.247335176656634,0.007569405605514001
2025-10-31 17:28:53.620120049,4.376305096013299,0.8622965942323437,9.371293890732856,0.00472212568612107
2025-10-31 17:28:53.745209932,4.375957510020528,0.862228106727201,9.930096023359894,0.003652570788728382
2025-10-31 17:28:53.870100021,4.396420885196093,0.8662601607849639,13.501213755976424,0.006179938602957291
2025-10-31 17:28:53.995189905,4.441350099786284,0.8751129047945049,14.716011984503988,0.010893398863794257
2025-10-31 17:28:54.120090008,4.497214980580109,0.8861203860803949,12.017845240503432,0.011150907569525192
2025-10-31 17:28:54.245179892,4.546094961020966,0.8957515794582723,7.855177988999423,0.007022382730741961
2025-10-31 17:28:54.370069981,4.582307930657494,0.9028868955981512,6.8894730401119935,0.00562113042482193
2025-10-31 17:28:54.495160103,4.595446569168841,0.9054757012213023,8.19886789759379,0.004319749182200128
2025-10-31 17:28:54.620059967,4.5772732379967005,0.9018948719071237,8.902888042161711,0.0029352379309551813
2025-10-31 17:28:54.745150089,4.539148918175002,0.8943829479396601,8.974531200094853,0.0034145506549502214
2025-10-31 17:28:54.870039940,4.4965918351031195,0.885997602999524,8.390856407041001,0.004277562356806874
2025-10-31 17:28:54.995130062,4.458980489661574,0.8785867542659004,7.943492427991293,0.004310501373955722
2025-10-31 17:28:55.119930029,4.432563701682335,0.8733816541174197,9.07259081642394,0.0035831291190911996
2025-10-31 17:28:55.245019913,4.42518851509527,0.8719284651517674,11.338215770196253,0.00303119507459515
2025-10-31 17:28:55.370209932,4.447527933978948,0.8763301703340852,12.30446569684426,0.003980862680996844
2025-10-31 17:28:55.495100021,4.505044367143574,0.8876630695132192,10.755273547530347,0.0072493729533044116
2025-10-31 17:28:55.619889975,4.580345316460351,0.902500186833369,7.871115626827367,0.011193352821805558
2025-10-31 17:28:55.744990110,4.629711056515207,0.9122270931132442,7.735580079525,0.012143512953876834
2025-10-31 17:28:55.869879961,4.625213673034827,0.9113409395263701,9.931806746615292,0.008420853151777097
2025-10-31 17:28:55.995069981,4.5834311584966265,0.9031082137007471,10.785335329159262,0.00476819772764725
2025-10-31 17:28:56.119960070,4.537426468636729,0.8940435606396425,9.619555394385335,0.0031793657398512254
2025-10-31 17:28:56.245059967,4.505979689668915,0.8878473632062811,7.687401655305127,0.003202372450355817
2025-10-31 17:28:56.369950056,4.494503682221277,0.885586158395287,7.493326529897718,0.004531103377881429
2025-10-31 17:28:56.495039940,4.501210889558458,0.8869077303416604,9.327429223081245,0.007014274522757935
2025-10-31 17:28:56.619729996,4.517830281571708,0.8901823752342873,10.382504710041168,0.008917220672624682
2025-10-31 17:28:56.744829893,4.5323552801004166,0.8930443458893829,9.159283187507524,0.007451687555368625
2025-10-31 17:28:56.869820118,4.538120431421156,0.8941802973918584,6.3772141151015145,0.0037719000662045366
2025-10-31 17:28:56.994910002,4.537503160706699,0.8940586718600186,4.1960317356983845,0.0016720192406119994
2025-10-31 17:28:57.119899988,4.533165633315376,0.8932040159311314,4.438962261649451,0.002022495714005368
2025-10-31 17:28:57.244999886,4.521199316570619,0.8908462017595579,5.542153568830261,0.002886713175518585
2025-10-31 17:28:57.369990110,4.493935953455548,0.8854742944894589,7.526512333588844,0.0039006614158569874
2025-10-31 17:28:57.494980097,4.452276463851723,0.8772658091999938,9.954762973407252,0.00485455390959888
2025-10-31 17:28:57.619770050,4.404495453611635,0.8678511542581934,11.01647950442209,0.004710222740490155
2025-10-31 17:28:57.744859934,4.36417203306404,0.8599059247910648,9.537963701513442,0.003645173466259033
2025-10-31 17:28:57.869859934,4.348922992081726,0.8569012905583333,7.1818755780730426,0.002860481526144598
2025-10-31 17:28:57.994950056,4.370436943123163,0.861140347549221,8.896915692388404,0.003046718822003691
2025-10-31 17:28:58.119740009,4.427419897194367,0.8723681312952992,12.732451380415164,0.004300220135562638
2025-10-31 17:28:58.244829893,4.510115992887056,0.8886623704097242,14.562266725840383,0.006700203576740171
2025-10-31 17:28:58.369630098,4.600834458774365,0.9065373179859048,13.45949996590423,0.009632146646236572
2025-10-31 17:28:58.494719982,4.676237371870541,0.9213945260030655,10.343510699557527,0.010613870078818977
2025-10-31 17:28:58.619810104,4.716345868442302,0.9292974073686986,6.70618231024284,0.0075576389656718534
2025-10-31 17:28:58.744899988,4.720849139899281,0.9301847211082719,4.410981658933077,0.004202844375981507
2025-10-31 17:28:58.869699955,4.709361377286003,0.9279212000878102,5.942273321354126,0.0048880875760328735
2025-10-31 17:28:58.994790077,4.698680268290495,0.9258166201493957,9.577398094472162,0.007809121958734955
2025-10-31 17:28:59.119580030,4.682136613383361,0.9225568983133718,12.37609027696247,0.007459307389051317
2025-10-31 17:28:59.244669914,4.6529155496603245,0.9167992504402438,12.600876206508657,0.004555940617051557
2025-10-31 17:28:59.369570017,4.61841633300674,0.9100016080521092,9.73702299347429,0.0020515143177884942
2025-10-31 17:28:59.494659901,4.588157400027887,0.904039460925635,5.309752273399109,0.0010881431709068856
2025-10-31 17:28:59.619549990,4.568733653139138,0.9002122527164411,5.458519120744198,0.0017103499490590535
2025-10-31 17:28:59.744640112,4.5613895536281746,0.8987651890732375,8.610286961460053,0.003664891267775694
2025-10-31 17:28:59.869640112,4.560868617709326,0.8986625451170276,9.555621810798709,0.005883520328044178
2025-10-31 17:28:59.994729996,4.550231169482878,0.8965665679911766,8.743303268272694,0.005701511819264815
2025-10-31 17:29:00.119519949,4.5121344286962435,0.8890600781302221,10.058392401427378,0.0033179773801580437
2025-10-31 17:29:00.244610071,4.448199100710584,0.8764624154070757,13.384552132847892,0.002326331913788615
2025-10-31 17:29:00.369600058,4.3750893612026065,0.8620570487793302,14.591359944327154,0.0025328319294035673
2025-10-31 17:29:00.494600058,4.307287085204807,0.8486974519524627,11.913307378014427,0.0024566038445552607
2025-10-31 17:29:00.619489908,4.254665612645262,0.8383290439973312,7.922983326248516,0.0020456033829336917
2025-10-31 17:29:00.744580030,4.231203621149804,0.8337061498168338,10.67743755864524,0.002016288429826041
2025-10-31 17:29:00.869570017,4.253469174834901,0.8380933007786912,17.003540474964765,0.0034927844377258266
2025-10-31 17:29:00.994570017,4.330138522081492,0.8532000439244052,20.21340624849951,0.007978336376613826
2025-10-31 17:29:01.119460106,4.448250227262849,0.876472489259544,18.802572219869973,0.014417346021860844
2025-10-31 17:29:01.244549990,4.5656824701002705,0.8996110549742654,13.889701276271602,0.01464908314285418
2025-10-31 17:29:01.369539976,4.64319066309195,0.9148830822611,8.470606239949536,0.007901414201912815
2025-10-31 17:29:01.494640112,4.678510154754625,0.9218423496573533,6.479270584261009,0.005715549720739732
2025-10-31 17:29:01.619430065,4.6896577745006445,0.9240388497481598,7.449700401919865,0.008131945952814412
2025-10-31 17:29:01.744519949,4.686747808612565,0.9234654770925583,7.92088028436581,0.009455674098817979
2025-10-31 17:29:01.869309902,4.672789110816225,0.9207150889670441,7.466098405038002,0.008394295286644815
2025-10-31 17:29:01.994509935,4.652834465978392,0.9167832739072452,6.612311354377152,0.0062054226328567275
2025-10-31 17:29:02.119400024,4.635043663865264,0.913277817195649,5.908199881152973,0.00483627761702643
2025-10-31 17:29:02.244489908,4.625494075650822,0.9113961893810948,5.740411248608325,0.005936804506891269
2025-10-31 17:29:02.369479895,4.621706316967359,0.9106498585515784,5.462623238320488,0.0072803538564040204
2025-10-31 17:29:02.494570017,4.620852148060157,0.9104815551715764,4.8404062595651,0.006436459688616947
2025-10-31 17:29:02.619369984,4.627590535924403,0.9118092708537506,5.213099503544124,0.0060574380128605165
2025-10-31 17:29:02.744460106,4.637336704280466,0.9137296323449785,6.928428518562776,0.007074337479623938
2025-10-31 17:29:02.869450092,4.635470298060633,0.9133618801678548,8.234776724295262,0.0061421026946686386
2025-10-31 17:29:02.994539976,4.6186443954438925,0.9100465449243139,8.004250992226943,0.0030907351920780313
2025-10-31 17:29:03.119440079,4.597264362374654,0.9058338748074672,6.778576029333374,0.0014589060484551108
2025-10-31 17:29:03.244529963,4.582569236581522,0.9029383826867792,6.580622694860342,0.002848482529638763
2025-10-31 17:29:03.369420052,4.5772013335814705,0.9018807040346828,8.047568728229415,0.005689950446378211
2025-10-31 17:29:03.494509935,4.573956921120996,0.9012414328336186,8.466916124922346,0.006458814288777592
2025-10-31 17:29:03.619509935,4.5655448413182675,0.8995839369312164,7.229277204877608,0.004702509104825947
2025-10-31 17:29:03.744800091,4.551694425534092,0.8968548844320484,6.364293252046687,0.003645297206381737
2025-10-31 17:29:03.869489908,4.536974665894652,0.8939545385177359,7.5353623336233815,0.005162069341169806
2025-10-31 17:29:03.994580030,4.521442267252718,0.8908940721756154,8.819212048174881,0.0068665108234289285
2025-10-31 17:29:04.119479895,4.498201051689028,0.8863146791518871,8.969122558674568,0.006431030539389648
2025-10-31 17:29:04.244570017,4.464525029271375,0.8796792369692825,8.354300055063979,0.005143092097374846
2025-10-31 17:29:04.369460106,4.429224243853049,0.8727236554062697,7.481691105308812,0.004097801289881242
2025-10-31 17:29:04.494549990,4.40926028184902,0.8687900045145299,6.94697487201595,0.003615959789973533
2025-10-31 17:29:04.619450092,4.416308043571921,0.8701786784751627,7.978269867684847,0.004729490309096085
2025-10-31 17:29:04.744539976,4.444472587901138,0.8757281523167634,9.892842451801,0.007498649330239471
2025-10-31 17:29:04.869329929,4.47315684439058,0.8813800289881284,10.714653367404004,0.009205287732403922
2025-10-31 17:29:04.994420052,4.4859979090337365,0.8839102013744636,10.064326212796216,0.007934932936073169
2025-10-31 17:29:05.119309902,4.486614288682715,0.8840316513329121,9.222202624056793,0.006276584783730277
2025-10-31 17:29:05.244410038,4.487997433956638,0.8843041829395677,9.283619373158079,0.006295465304478665
2025-10-31 17:29:05.369199991,4.49491186273423,0.8856665852984461,9.355173311110704,0.006413881029034285
2025-10-31 17:29:05.494290113,4.506080425077881,0.8878672118681464,8.68076291901835,0.0051362375929505655
2025-10-31 17:29:05.619080067,4.524361978905204,0.8914693651131148,8.608445684867855,0.0036509218049115555
2025-10-31 17:29:05.744179964,4.556536263340069,0.8978089084679236,10.066924041616932,0.00415930112728391
2025-10-31 17:29:05.868969917,4.608056797570635,0.9079603901917455,11.61110949305397,0.007862937910786183
2025-10-31 17:29:05.994060040,4.673439489845002,0.9208432380812329,11.788118412700136,0.01367764624084511
2025-10-31 17:29:06.119050026,4.736562730302923,0.9332808890378265,10.37425874529684,0.017512268370605488
2025-10-31 17:29:06.244050026,4.779947311717033,0.9418292822542095,7.962828662030158,0.015408018409197144
2025-10-31 17:29:06.368940115,4.795251384497385,0.9448447598196114,5.710626866762089,0.009888857416551766
2025-10-31 17:29:06.494029999,4.792189962353808,0.9442415445889549,4.899287048272943,0.006731619002488531
2025-10-31 17:29:06.618920088,4.783091284937182,0.9424487631497627,5.748393941739119,0.007115069708770405
2025-10-31 17:29:06.744019985,4.769249918843046,0.9397214937796794,7.290234475692192,0.009272885498253669
2025-10-31 17:29:06.868910074,4.7498224111364795,0.9358935445480191,8.501814510629716,0.010228844967338224
2025-10-31 17:29:06.994100094,4.727254652556138,0.9314468478629517,8.682157719413762,0.008868031273803978
2025-10-31 17:29:07.118989944,4.705120483938384,0.9270855846976753,7.962566598895107,0.006929585719558928
2025-10-31 17:29:07.244090080,4.68490324971409,0.9231020296589081,6.760187249987089,0.0053061789807004045
2025-10-31 17:29:07.368979931,4.667715176429212,0.9197153331809894,5.674434336623608,0.004009096396610068
2025-10-31 17:29:07.493969917,4.655284467428366,0.9172660162800522,5.003359020580474,0.0030414871685826572
2025-10-31 17:29:07.618860006,4.647231167996178,0.9156792135959718,5.081936955944455,0.0032490029209992777
2025-10-31 17:29:07.744050026,4.640877694610171,0.9144273405336273,6.47853363165678,0.005489932197979774
2025-10-31 17:29:07.868949890,4.63043269055799,0.9123692821434243,8.196437247795288,0.007727954542358417
2025-10-31 17:29:07.994139910,4.613104104640828,0.9089548993955571,9.114162639805208,0.007200498902193653
2025-10-31 17:29:08.118930101,4.5918858386737025,0.9047741034780977,9.045662471226803,0.004772355422801966
2025-10-31 17:29:08.244019985,4.572228762493003,0.9009009206283407,8.446135685883574,0.0029807241172576937
2025-10-31 17:29:08.368920088,4.558111405156262,0.8981192706098988,8.115245818541233,0.002757274815287869
2025-10-31 17:29:08.494110107,4.546396346739213,0.8958109637728238,8.504293937659789,0.0034378647532639084
2025-10-31 17:29:08.618999958,4.531640953175626,0.892903596636097,9.19308354833328,0.004294530148004072
2025-10-31 17:29:08.744090080,4.508295923853595,0.888303748399972,10.179991072901684,0.005271224341250824
2025-10-31 17:29:08.868989944,4.472759985269402,0.8813018328246813,11.148837117319275,0.005998629284052814
2025-10-31 17:29:08.994080067,4.4275555331830265,0.8723948566831572,11.12743305048604,0.005509833221518323
2025-10-31 17:29:09.118969917,4.386080607309439,0.8642227373856674,10.155805199794598,0.004350514827578089
2025-10-31 17:29:09.244060040,4.364788858583163,0.8600274626026903,9.350851674456399,0.003779013860954139
2025-10-31 17:29:09.368959904,4.368967710295424,0.8608508534587271,9.820926951919153,0.004181048514963925
2025-10-31 17:29:09.494050026,4.394006327351929,0.8657844021347051,11.410265204857467,0.00510408123032291
2025-10-31 17:29:09.618940115,4.432940339556005,0.8734558659350602,13.325132530171507,0.006202145226586131
2025-10-31 17:29:09.744230032,4.479431300116902,0.8826163326015116,14.604613644274952,0.007571848766052658
2025-10-31 17:29:09.869119883,4.528352447375321,0.8922556373897684,14.171916597790116,0.008454727262462658
2025-10-31 17:29:09.994119883,4.574352204943572,0.9013193186040307,12.03615879139142,0.007834229766581546
2025-10-31 17:29:10.119009972,4.612537812674552,0.9088433185932254,8.963860106267052,0.00610823928012616
2025-10-31 17:29:10.244100094,4.635633838654847,0.9133941038118458,5.926152644809109,0.004207873190927414
2025-10-31 17:29:10.368989944,4.635309555323246,0.9133302078068208,4.483675435584739,0.002983682481841332
2025-10-31 17:29:10.494090080,4.6077141543377715,0.907892876596086,5.501790196070185,0.0036439769221912055
2025-10-31 17:29:10.618979931,4.55786216071941,0.8980701600875944,6.825493450852107,0.005172668698855354
2025-10-31 17:29:10.743969917,4.49324980115596,0.8853390966963255,7.270129589262423,0.0054369915626911736
2025-10-31 17:29:10.868860006,4.420655952316751,0.8710353799208904,6.4989232681198805,0.00385491728294729
2025-10-31 17:29:10.993860006,4.354022186776589,0.8579060235744829,5.465888839177026,0.0023208521512292357
2025-10-31 17:29:11.118849993,4.3102809684446335,0.849287359480524,5.349061747526945,0.002076319575944119
2025-10-31 17:29:11.243839979,4.298773546504366,0.8470199648337188,5.737352367408246,0.00244827566148742
2025-10-31 17:29:11.368829966,4.317831364793725,0.8507750713548302,6.010838561817145,0.002824447726521795
2025-10-31 17:29:11.493930101,4.358253009343599,0.8587396546423116,6.670514745590554,0.0036194671938233336
2025-10-31 17:29:11.618819952,4.410288116767175,0.8689925266262002,7.572623955864042,0.004678098013252918
2025-10-31 17:29:11.743710041,4.462361652864549,0.8792529705032291,7.971016840183818,0.005206048580363554
2025-10-31 17:29:11.868700027,4.504634811409225,0.8875823716397554,7.481140379386355,0.004672184954890968
2025-10-31 17:29:11.993700027,4.531043777381741,0.8927859305589091,6.844319861008177,0.004001598621063529
2025-10-31 17:29:12.118590117,4.541669693070077,0.8948796353412833,7.2364115241034375,0.004499798113334008
2025-10-31 17:29:12.243779898,4.539993147816819,0.8945492929107985,8.210398239278346,0.005769402155492265
2025-10-31 17:29:12.368669987,4.528916398060327,0.8923667568716891,8.552069288635003,0.00621815933074632
2025-10-31 17:29:12.493760109,4.508936155702397,0.8884298981383081,7.745651632082483,0.005036384709930286
2025-10-31 17:29:12.618659973,4.482580274388887,0.8832367988922489,7.018530636444283,0.004057415346153226
2025-10-31 17:29:12.743750095,4.456693605184128,0.8781361520676897,8.447767093415042,0.005758440760264993
2025-10-31 17:29:12.868639946,4.437468671921707,0.8743481176156054,10.946933395344924,0.0094038290070938
2025-10-31 17:29:12.993730068,4.423691470914875,0.8716334911794669,12.025845035628224,0.011011284409935707
2025-10-31 17:29:13.118730068,4.411247411305283,0.869181543706803,10.707943248480072,0.008661870597410304
2025-10-31 17:29:13.243619919,4.40174908052671,0.8673100155337065,8.207221835333806,0.004763295535748724
2025-10-31 17:29:13.368410110,4.404046269159143,0.8677626480377475,7.775678703835764,0.0020922972090601233
2025-10-31 17:29:13.493499994,4.429578072859089,0.8727933730196799,9.846621371421723,0.0018544563715670037
2025-10-31 17:29:13.618499994,4.482868874024536,0.8832936638679435,11.003084212352418,0.003813463025589381
2025-10-31 17:29:13.743590117,4.556239299624301,0.8977503954540684,9.534269479174164,0.005941693267185411
2025-10-31 17:29:13.868580103,4.629252256044069,0.9121366921756919,6.14464315128934,0.005655835179270707
2025-10-31 17:29:13.993570089,4.674582423039718,0.9210684388795357,4.751579549679558,0.006033269110409356
2025-10-31 17:29:14.118469954,4.675272371358172,0.9212043846310651,7.418853614180093,0.007615872150507075
2025-10-31 17:29:14.243560076,4.632589029753042,0.9127941620142535,9.38193529989671,0.005945484875463203
2025-10-31 17:29:14.368649960,4.5698598897072635,0.9004341636517366,9.178028461322237,0.003397052067660944
2025-10-31 17:29:14.493639946,4.513263238067072,0.8892824960043529,7.113671387252295,0.0020028675867784784
2025-10-31 17:29:14.618540049,4.477479196755867,0.8822316948665093,4.783035238003687,0.0017647508189760908
2025-10-31 17:29:14.743629932,4.467823826127044,0.8803292239403233,5.4044393420716625,0.002798259341778242
2025-10-31 17:29:14.868520021,4.4802358502423285,0.882774859216504,7.557803099256622,0.005039356461458588
2025-10-31 17:29:14.993609905,4.505290716495449,0.8877116095949669,8.362647596605337,0.006934281263207387
2025-10-31 17:29:15.118499994,4.532840625215121,0.8931399771194399,6.866592450290683,0.005482018049512316
2025-10-31 17:29:15.243599892,4.554860227783461,0.8974786664668364,4.0703466928022225,0.0021356122364546426
2025-10-31 17:29:15.368489981,4.566616732808413,0.8997951398435045,5.216992379302753,0.003350447980115523
2025-10-31 17:29:15.493479967,4.565291207182231,0.8995339614731788,9.00385211880998,0.008987704488556014
2025-10-31 17:29:15.618370056,4.543516974226742,0.8952436191621174,11.154386033092857,0.011326962596409751
2025-10-31 17:29:15.743570089,4.497625086264268,0.886201192314642,10.515697541192644,0.007635639700856345
2025-10-31 17:29:15.868459940,4.4405943910286645,0.8749640017647503,7.644926706480381,0.003217368388157782
2025-10-31 17:29:15.993449926,4.400341373233374,0.8670326442860241,5.205769248846609,0.001782919434117014
2025-10-31 17:29:16.118340015,4.399565163023187,0.8668797016995343,6.546189129772373,0.0031941006575934017
2025-10-31 17:29:16.243340015,4.4371964489002345,0.8742944794484445,9.051073731989312,0.006075991703573869
2025-10-31 17:29:16.368330002,4.490342428250247,0.8847662349557116,10.752767303263656,0.009074088559820725
2025-10-31 17:29:16.493319988,4.5343938651122535,0.8934460237601423,11.254344457841025,0.010466963600751167
2025-10-31 17:29:16.618309975,4.5562795646503655,0.8977583291776275,10.20517002865327,0.008738304582936784
2025-10-31 17:29:16.743309975,4.555814602715342,0.8976667142001016,7.765365131451064,0.005071975614663882
2025-10-31 17:29:16.868299961,4.54269175959611,0.8950810208628917,5.656458792492526,0.0023646363308856833
2025-10-31 17:29:16.993390083,4.530094245800763,0.8925988371478168,6.365351539849232,0.0025137613289887284
2025-10-31 17:29:17.118279934,4.531240231679733,0.8928246394396576,8.258077620716458,0.005517208861471334
2025-10-31 17:29:17.243370056,4.552658915326488,0.8970449251730178,9.357963848994874,0.009356464686408161
2025-10-31 17:29:17.368370056,4.586904376103357,0.9037925681156255,9.920482531101397,0.012247815472314239
2025-10-31 17:29:17.493259907,4.616334813340626,0.9095914704406906,10.277732313729766,0.012724500998461452
2025-10-31 17:29:17.618249893,4.6269840504509405,0.9116897704197671,9.940161237873559,0.009943096585829592
2025-10-31 17:29:17.743340015,4.620823316424929,0.9104758742557539,8.224714279444727,0.005940528732445216
2025-10-31 17:29:17.868240118,4.6130422866163325,0.9089427189212036,5.9572525556111025,0.003356998045132231
2025-10-31 17:29:17.993330002,4.618637064348142,0.9100451004229002,5.988409116951179,0.0031071227951824376
2025-10-31 17:29:18.118319988,4.64316263957835,0.9148775605756129,7.835454452055223,0.004564859978337221
2025-10-31 17:29:18.243210077,4.678056758424338,0.9217530135386719,8.073949988899486,0.0055385128441297615
2025-10-31 17:29:18.368210077,4.706793115110624,0.927415155907083,5.875729678556102,0.0038088746305784404
2025-10-31 17:29:18.493299961,4.717196169291661,0.9294649485959187,4.231640890860424,0.0026057498437704885
2025-10-31 17:29:18.618289948,4.707511641526984,0.9275567326180525,7.646921044966726,0.005965601286439748
2025-10-31 17:29:18.743279934,4.6784753354028705,0.9218354889363175,11.250703412996097,0.009288496628354403
2025-10-31 17:29:18.868279934,4.631407377430084,0.9125613320923676,12.218016632327808,0.00871083369642034
2025-10-31 17:29:18.993269920,4.580696410424441,0.9025693655407142,10.550762768130323,0.0070488508580531795
2025-10-31 17:29:19.118259907,4.546880100395621,0.895906281425779,9.2791654657732,0.006464638698815306
2025-10-31 17:29:19.243249893,4.538707867849488,0.894296044447963,9.86574911696309,0.006266305112542336
2025-10-31 17:29:19.368249893,4.5516706570754675,0.8968502011523245,9.797819527919566,0.0054570698320648425
2025-10-31 17:29:19.493240118,4.574394295444005,0.9013276120146538,8.634656521035854,0.005988878736480352
2025-10-31 17:29:19.618330002,4.585678815438877,0.9035510866000956,9.90502819306437,0.010523893776164583
2025-10-31 17:29:19.743319988,4.558304294933013,0.8981572771459847,13.877266065007186,0.011881896089844024
2025-10-31 17:29:19.868309975,4.486836576300377,0.8840754503486214,16.998387232902772,0.007390497860025991
2025-10-31 17:29:19.993309975,4.398818302626126,0.8667325421293893,17.834875239266015,0.004147913561073802
2025-10-31 17:29:20.118400097,4.322598248191131,0.8517143265549374,16.66444811561874,0.0030534310261107755
2025-10-31 17:29:20.243390083,4.265500717966611,0.8404639670001308,14.378347135615554,0.0027612790886650806
2025-10-31 17:29:20.368380070,4.2214812674069755,0.8317904806995228,12.078907100498663,0.0026840721942653634
2025-10-31 17:29:20.493279934,4.185137379363668,0.824629368712734,10.458788047298835,0.0026178721929492887
2025-10-31 17:29:20.618269920,4.153473135003874,0.8183903224233735,9.312941286813425,0.0021327244929636446
2025-10-31 17:29:20.743360043,4.128090014237854,0.8133888935679067,9.988390306205948,0.0012728412076437046
2025-10-31 17:29:20.868149996,4.116313397577106,0.8110684574430593,13.564384677833269,0.0007128823879641866
2025-10-31 17:29:20.993149996,4.13229619159271,0.814217668602612,17.365381099811977,0.0014137954205373227
2025-10-31 17:29:21.118040085,4.194141231628584,0.8264034660328867,19.039975924606285,0.004453247703887997
2025-10-31 17:29:21.243030071,4.308634858910891,0.8489630140307581,17.937521751483285,0.010886596652173508
2025-10-31 17:29:21.367919922,4.450032282624642,0.8768236211471739,14.868227047696543,0.016894711897378678
2025-10-31 17:29:21.492919922,4.5682620270633985,0.9001193246527117,11.045454399067065,0.014535296812314469
2025-10-31 17:29:21.617810011,4.640560744918319,0.9143648895312793,7.359096401052373,0.007361108974672015
2025-10-31 17:29:21.742799997,4.678991161452276,0.9219371260561847,5.543097485180286,0.004099640303205865
2025-10-31 17:29:21.867889881,4.702704679661717,0.9266095804533644,6.062181923541308,0.004410553203610279
2025-10-31 17:29:21.992889881,4.720231513064448,0.9300630254073327,6.624422965107,0.005143712803356237
2025-10-31 17:29:22.117880106,4.733399334658635,0.9326575811946956,6.4727517163588155,0.0059055353501652474
2025-10-31 17:29:22.242870092,4.741963041728036,0.9343449533677817,6.342606064406018,0.008516025783489978
2025-10-31 17:29:22.367860079,4.739554174047691,0.933870315893669,6.90780647498495,0.009422188090232542
2025-10-31 17:29:22.492850065,4.717918838135159,0.9296073415207341,8.02940053458289,0.006266651905797005
2025-10-31 17:29:22.617949963,4.683388543223959,0.922803575547724,9.177733096521875,0.004741332639840445
2025-10-31 17:29:22.742939949,4.651357161218444,0.9164921893427099,10.1886815258816,0.005801253082469482
2025-10-31 17:29:22.867729902,4.624789830084374,0.9112574265343262,10.217510315155645,0.005873474413788937
2025-10-31 17:29:22.992719889,4.597686180355887,0.9059169888044631,8.374351522976747,0.003943312892917716
2025-10-31 17:29:23.117919922,4.569993787921186,0.9004605466326545,5.4391624201904465,0.001942752599601194
2025-10-31 17:29:23.242909908,4.550330452468977,0.8965861304711454,4.5528228760851235,0.0015198143855433832
2025-10-31 17:29:23.367899895,4.545029619659442,0.8955416671675196,5.897116998102886,0.0024688182643016754
2025-10-31 17:29:23.492889881,4.545267814580292,0.8955886005198582,6.3394350921795874,0.0030985097730390487
2025-10-31 17:29:23.617990017,4.536307958969266,0.8938231721942052,6.149801808348299,0.0029685288175241853
2025-10-31 17:29:23.742980003,4.518408318911506,0.8902962703166711,6.372471743539787,0.0030385766657048396
2025-10-31 17:29:23.867870092,4.506340111506071,0.8879183798552231,6.652634533681375,0.0033243664415861796
2025-10-31 17:29:23.992860079,4.51255582280945,0.889143108609285,6.906107654183649,0.003525141888790606
2025-10-31 17:29:24.117759943,4.537187249411551,0.8939964254608511,7.892721897959411,0.003927617853272336
2025-10-31 17:29:24.242749929,4.572114472552582,0.9008784012143105,9.097351010451394,0.0046942204333637605
2025-10-31 17:29:24.367840052,4.605189634097962,0.9073954512207754,8.310730537608952,0.005052348714112864
2025-10-31 17:29:24.492830038,4.619677516588457,0.9102501086212781,6.131565043195823,0.004218361683839822
2025-10-31 17:29:24.617820024,4.594182078935899,0.9052265491175562,12.466646916243395,0.006383700369449019
2025-10-31 17:29:24.742820024,4.510439814200475,0.8887261753798017,24.284534064116922,0.010357234475310007
2025-10-31 17:29:24.867810011,4.370726457563286,0.8611973927757813,34.40632928473588,0.008465933385393587
2025-10-31 17:29:24.992799997,4.211583899145234,0.8298403271437896,38.52463428219643,0.0047478535580787185
2025-10-31 17:29:25.117789984,4.07456240118901,0.8028419418776664,34.253801193537,0.002304306723749816
2025-10-31 17:29:25.242789984,3.9804860133246,0.7843053574592121,22.360592094090713,0.0010961143081200664
2025-10-31 17:29:25.367779970,3.9387987891382967,0.776091407414551,9.690610483794352,0.000863622356420235
2025-10-31 17:29:25.492870092,3.9563711350255106,0.7795538200386207,17.764604263454117,0.0016861210806433657
2025-10-31 17:29:25.617860079,4.031041999421221,0.7942667869465867,28.72331274854284,0.003914327732966849
2025-10-31 17:29:25.742759943,4.1409340421046785,0.815919649820682,32.33191026958862,0.00738309066062004
2025-10-31 17:29:25.867749929,4.250037403663397,0.8374171128693819,28.88623313906783,0.009677619763704404
2025-10-31 17:29:25.992539883,4.328344194075452,0.852846493864572,21.842660857946367,0.00819639185374954
2025-10-31 17:29:26.117530107,4.368801061620839,0.860818017406081,15.077391980240675,0.004632876582294498
2025-10-31 17:29:26.242530107,4.382722522656863,0.8635610684902107,11.423128647353623,0.002364200843962827
2025-10-31 17:29:26.367520094,4.388842021234367,0.8647668397209685,11.571539024911683,0.0025109641808308547
2025-10-31 17:29:26.492510080,4.4007658654274895,0.8671162852034723,12.738000709734788,0.0041033917854467195
2025-10-31 17:29:26.617500067,4.421128547998885,0.8711284990335236,12.684223036913021,0.0055038284832648054
2025-10-31 17:29:26.742500067,4.443475512392008,0.875531690964812,11.409574784774497,0.005497147719702222
2025-10-31 17:29:26.867490053,4.462475609356561,0.8792754242153898,9.923729126498719,0.004635210360396602
2025-10-31 17:29:26.992480040,4.481398396244828,0.8830039244751182,8.770160490396115,0.004282387922936559
2025-10-31 17:29:27.117470026,4.506068938726539,0.8878649486251995,7.857555368666134,0.004819239366793737
2025-10-31 17:29:27.242460012,4.532093738048047,0.8929928122745963,6.967197868419486,0.006189635597067755
2025-10-31 17:29:27.367460012,4.549458463029438,0.8964143157764604,6.1801545284627775,0.007954961207654931
2025-10-31 17:29:27.492449999,4.552849076145989,0.8970823940019536,6.042515370973251,0.008684180941938013
2025-10-31 17:29:27.617539883,4.542542077801894,0.8950515279234051,6.3280875642773795,0.0072195538467417775
