Time,v_l2,dt_s
2025-10-30 13:49:10.586649895,5.108122893098795,0.124979973
2025-10-30 13:49:10.711630106,4.350791709371411,0.124979973
2025-10-30 13:49:10.836600065,3.9440552716549244,0.124979973
2025-10-30 13:49:10.961380005,4.304406566607063,0.124979973
2025-10-30 13:49:11.086159945,4.57404824401066,0.124979973
2025-10-30 13:49:11.211030006,4.307590207989614,0.124979973
2025-10-30 13:49:11.336110115,3.9484288180221756,0.124979973
2025-10-30 13:49:11.461189985,4.176342175641742,0.124979973
2025-10-30 13:49:11.586070061,4.69820676140642,0.124979973
2025-10-30 13:49:11.711139917,4.784704396878452,0.124979973
2025-10-30 13:49:11.836019993,4.3564092163168056,0.124979973
2025-10-30 13:49:11.961100101,3.960799295054472,0.124979973
2025-10-30 13:49:12.086270094,4.076555638020533,0.124979973
2025-10-30 13:49:12.211250067,4.312337866482634,0.124979973
2025-10-30 13:49:12.336430073,3.997327518750496,0.124979973
2025-10-30 13:49:12.461199999,3.039724254781509,0.124979973
2025-10-30 13:49:12.586280107,2.6276448451033105,0.124979973
2025-10-30 13:49:12.711450100,3.7895891710934837,0.124979973
2025-10-30 13:49:12.836440086,5.01313976494851,0.124979973
2025-10-30 13:49:12.961420059,5.215405726046535,0.124979973
2025-10-30 13:49:13.086410046,4.404822497918277,0.124979973
2025-10-30 13:49:13.211390018,3.3993266295946025,0.124979973
2025-10-30 13:49:13.336380005,2.9207843985496433,0.124979973
2025-10-30 13:49:13.461359978,2.560650448142229,0.124979973
2025-10-30 13:49:13.586440086,2.0119064743600785,0.124979973
2025-10-30 13:49:13.711220026,2.459202251695659,0.124979973
2025-10-30 13:49:13.836090088,4.126570789776542,0.124979973
2025-10-30 13:49:13.961070061,6.145902132072719,0.124979973
2025-10-30 13:49:14.086050034,8.304106137196465,0.124979973
2025-10-30 13:49:14.210920095,10.119248302983282,0.124979973
2025-10-30 13:49:14.335999966,10.789187209121827,0.124979973
2025-10-30 13:49:14.461070061,9.985768414672153,0.124979973
2025-10-30 13:49:14.586050034,8.108466152353907,0.124979973
2025-10-30 13:49:14.710930109,6.1543064147050695,0.124979973
2025-10-30 13:49:14.835799932,5.154295924566421,0.124979973
2025-10-30 13:49:14.960779905,4.880743186573329,0.124979973
2025-10-30 13:49:15.085760117,4.508410858577444,0.124979973
2025-10-30 13:49:15.210730076,4.159527412056567,0.124979973
2025-10-30 13:49:15.335710049,5.371833899654474,0.124979973
2025-10-30 13:49:15.460589886,8.4226273947751,0.124979973
2025-10-30 13:49:15.585659981,11.201983872452818,0.124979973
2025-10-30 13:49:15.710740089,11.604805339077343,0.124979973
2025-10-30 13:49:15.835720062,8.954288531079005,0.124979973
2025-10-30 13:49:15.960599899,5.545234200297944,0.124979973
2025-10-30 13:49:16.085669994,6.628692811520308,0.124979973
2025-10-30 13:49:16.210550070,9.098527318131488,0.124979973
2025-10-30 13:49:16.335619926,9.01732324241812,0.124979973
2025-10-30 13:49:16.460599899,6.7982429024850966,0.124979973
2025-10-30 13:49:16.585580111,4.8985636240464405,0.124979973
2025-10-30 13:49:16.710449934,5.232355701400947,0.124979973
2025-10-30 13:49:16.835330009,6.157972849439415,0.124979973
2025-10-30 13:49:16.960510015,6.3942256622477,0.124979973
2025-10-30 13:49:17.085580111,6.0353921556377745,0.124979973
2025-10-30 13:49:17.210360050,5.943367099484181,0.124979973
2025-10-30 13:49:17.335439920,6.742602355128836,0.124979973
2025-10-30 13:49:17.460410118,7.782532637617206,0.124979973
2025-10-30 13:49:17.585390091,8.253725564732392,0.124979973
2025-10-30 13:49:17.710360050,8.181033528198865,0.124979973
2025-10-30 13:49:17.835340023,7.924233894998116,0.124979973
2025-10-30 13:49:17.960419893,7.502720287760033,0.124979973
2025-10-30 13:49:18.085489988,6.714917093409792,0.124979973
2025-10-30 13:49:18.210370064,5.62192852693104,0.124979973
2025-10-30 13:49:18.335449934,4.5341127896410995,0.124979973
2025-10-30 13:49:18.460319996,3.735030585754955,0.124979973
2025-10-30 13:49:18.585400105,3.296833937316528,0.124979973
2025-10-30 13:49:18.710279942,2.9379682439778003,0.124979973
2025-10-30 13:49:18.835249901,2.4375057588830433,0.124979973
2025-10-30 13:49:18.960429907,1.9555459286912698,0.124979973
2025-10-30 13:49:19.085410118,2.0312771707763075,0.124979973
2025-10-30 13:49:19.210279942,2.7799542943161852,0.124979973
2025-10-30 13:49:19.335459948,3.972982573306105,0.124979973
2025-10-30 13:49:19.460540056,5.414781427962259,0.124979973
2025-10-30 13:49:19.585710049,6.51424724135007,0.124979973
2025-10-30 13:49:19.710890055,6.638381481923587,0.124979973
2025-10-30 13:49:19.835669994,5.649581437729082,0.124979973
2025-10-30 13:49:19.960639954,4.253900894922682,0.124979973
2025-10-30 13:49:20.085520029,4.296406533358547,0.124979973
2025-10-30 13:49:20.210200071,5.764657727850545,0.124979973
2025-10-30 13:49:20.335170031,6.922686143517125,0.124979973
2025-10-30 13:49:20.459949970,6.92592765648256,0.124979973
2025-10-30 13:49:20.585330009,5.689200465222948,0.124979973
2025-10-30 13:49:20.710099936,4.086545374468391,0.124979973
2025-10-30 13:49:20.835079908,3.308285168729111,0.124979973
2025-10-30 13:49:20.959959984,3.4764664057417556,0.124979973
2025-10-30 13:49:21.085030079,3.372072945032328,0.124979973
2025-10-30 13:49:21.210109949,2.744501637589054,0.124979973
2025-10-30 13:49:21.335190058,2.498562159979015,0.124979973
2025-10-30 13:49:21.460160017,3.029969142641225,0.124979973
2025-10-30 13:49:21.585139990,3.356055690156527,0.124979973
2025-10-30 13:49:21.710319996,3.01186444517611,0.124979973
2025-10-30 13:49:21.835089922,2.457648324484201,0.124979973
2025-10-30 13:49:21.960170031,2.5290591511228047,0.124979973
2025-10-30 13:49:22.085150003,2.924655928146591,0.124979973
2025-10-30 13:49:22.210119963,2.896797592884943,0.124979973
2025-10-30 13:49:22.335099936,2.51852410973034,0.124979973
2025-10-30 13:49:22.460180044,2.617008573285536,0.124979973
2025-10-30 13:49:22.585350037,3.9337587003200896,0.124979973
2025-10-30 13:49:22.710230112,6.07835664965655,0.124979973
2025-10-30 13:49:22.835109949,8.000567505373228,0.124979973
2025-10-30 13:49:22.960180044,8.519621415731804,0.124979973
2025-10-30 13:49:23.085360050,7.144092722770331,0.124979973
2025-10-30 13:49:23.210540056,4.523141940794695,0.124979973
2025-10-30 13:49:23.335520029,3.636101662612035,0.124979973
2025-10-30 13:49:23.460489988,5.609004446580784,0.124979973
2025-10-30 13:49:23.585269928,6.945383385793113,0.124979973
2025-10-30 13:49:23.710150003,6.673772131135061,0.124979973
2025-10-30 13:49:23.835220098,6.693036827666497,0.124979973
2025-10-30 13:49:23.960099936,9.767397485643347,0.124979973
2025-10-30 13:49:24.085180044,14.37628974583592,0.124979973
2025-10-30 13:49:24.210150003,17.771549354074672,0.124979973
2025-10-30 13:49:24.335230112,17.855559682854274,0.124979973
2025-10-30 13:49:24.460109949,13.61004407993152,0.124979973
2025-10-30 13:49:24.585190058,6.149819195809905,0.124979973
2025-10-30 13:49:24.710360050,6.550715015871164,0.124979973
2025-10-30 13:49:24.835540056,13.880594603538716,0.124979973
2025-10-30 13:49:24.960520029,17.355719585784048,0.124979973
2025-10-30 13:49:25.085489988,15.841395175098116,0.124979973
2025-10-30 13:49:25.210570097,11.043317468816603,0.124979973
2025-10-30 13:49:25.335649967,6.0133863819554305,0.124979973
2025-10-30 13:49:25.460619926,3.4519175147093244,0.124979973
2025-10-30 13:49:25.585500002,3.2074718424870086,0.124979973
2025-10-30 13:49:25.710680008,3.61360694267293,0.124979973
2025-10-30 13:49:25.835550070,4.47034440400681,0.124979973
2025-10-30 13:49:25.960429907,5.7604506765813905,0.124979973
2025-10-30 13:49:26.085309982,8.530364297946601,0.124979973
2025-10-30 13:49:26.209889889,14.254807175359021,0.124979973
2025-10-30 13:49:26.334860086,18.92491225543717,0.124979973
2025-10-30 13:49:26.459939957,22.481238104412263,0.124979973
2025-10-30 13:49:26.585020065,21.448295829834805,0.124979973
2025-10-30 13:49:26.709889889,18.193387612115593,0.124979973
2025-10-30 13:49:26.834969997,16.52918901671658,0.124979973
2025-10-30 13:49:26.959949970,18.772023995751386,0.124979973
2025-10-30 13:49:27.085030079,21.039531236027052,0.124979973
2025-10-30 13:49:27.209899902,22.903245740577734,0.124979973
2025-10-30 13:49:27.334880114,20.946433728695535,0.124979973
2025-10-30 13:49:27.459559917,17.13235463884069,0.124979973
2025-10-30 13:49:27.584530115,11.734683840737294,0.124979973
2025-10-30 13:49:27.709310055,6.120876617399177,0.124979973
2025-10-30 13:49:27.834389925,3.537258989548122,0.124979973
2025-10-30 13:49:27.959559917,4.713489210554322,0.124979973
2025-10-30 13:49:28.084539890,5.496417494009166,0.124979973
2025-10-30 13:49:28.209520102,5.233126867033896,0.124979973
2025-10-30 13:49:28.334700108,4.355823085319008,0.124979973
2025-10-30 13:49:28.459680080,4.101076337237092,0.124979973
2025-10-30 13:49:28.584749937,4.854829262621601,0.124979973
2025-10-30 13:49:28.709929943,5.595628381704685,0.124979973
2025-10-30 13:49:28.834909916,5.534957370083983,0.124979973
2025-10-30 13:49:28.959779978,4.8341572750089545,0.124979973
2025-10-30 13:49:29.084660053,4.6510077295940935,0.124979973
2025-10-30 13:49:29.209640026,5.628530412530255,0.124979973
2025-10-30 13:49:29.334520102,6.496743742272047,0.124979973
2025-10-30 13:49:29.459500074,6.451555332293601,0.124979973
2025-10-30 13:49:29.584369898,5.686428862916865,0.124979973
2025-10-30 13:49:29.709450006,4.910606919268635,0.124979973
2025-10-30 13:49:29.834330082,4.657611958609798,0.124979973
2025-10-30 13:49:29.959310055,4.868530019047947,0.124979973
2025-10-30 13:49:30.084280014,4.939647782948901,0.124979973
2025-10-30 13:49:30.209359884,4.505723231021188,0.124979973
2025-10-30 13:49:30.334239960,3.8198797555343282,0.124979973
2025-10-30 13:49:30.459310055,3.0964937964547903,0.124979973
2025-10-30 13:49:30.584189892,2.7513870533267397,0.124979973
2025-10-30 13:49:30.709069967,2.807494422880658,0.124979973
2025-10-30 13:49:30.834249973,2.9739149932065976,0.124979973
2025-10-30 13:49:30.959219933,3.689647023553202,0.124979973
2025-10-30 13:49:31.084199905,4.962429591491853,0.124979973
2025-10-30 13:49:31.209180117,5.92898581078906,0.124979973
2025-10-30 13:49:31.334150076,5.924126731667546,0.124979973
2025-10-30 13:49:31.459130049,4.9708555221527,0.124979973
2025-10-30 13:49:31.584209919,3.6715250364965506,0.124979973
2025-10-30 13:49:31.709180117,3.922262184984069,0.124979973
2025-10-30 13:49:31.834259987,5.5689361095712,0.124979973
2025-10-30 13:49:31.959039927,6.423500979998368,0.124979973
2025-10-30 13:49:32.084120035,5.5984684788123085,0.124979973
2025-10-30 13:49:32.209189892,3.8233075811717008,0.124979973
2025-10-30 13:49:32.334069967,3.673422777337642,0.124979973
2025-10-30 13:49:32.459049940,4.834464829135175,0.124979973
2025-10-30 13:49:32.584019899,5.644196319086713,0.124979973
2025-10-30 13:49:32.709000111,6.419560456102817,0.124979973
2025-10-30 13:49:32.834079981,7.002011512715114,0.124979973
2025-10-30 13:49:32.959160089,6.602258882630474,0.124979973
2025-10-30 13:49:33.084130049,5.62002484736331,0.124979973
2025-10-30 13:49:33.209009886,6.825801680247457,0.124979973
2025-10-30 13:49:33.333990097,9.072806975552771,0.124979973
2025-10-30 13:49:33.459059954,9.604480859932357,0.124979973
2025-10-30 13:49:33.584140062,7.811054111992055,0.124979973
2025-10-30 13:49:33.708920002,4.789720989108134,0.124979973
2025-10-30 13:49:33.833889961,3.2493530064126612,0.124979973
2025-10-30 13:49:33.959069967,4.626123065175418,0.124979973
2025-10-30 13:49:34.084150076,5.941704031337391,0.124979973
2025-10-30 13:49:34.208930016,6.319487953535476,0.124979973
2025-10-30 13:49:34.334000111,5.618156231063889,0.124979973
2025-10-30 13:49:34.458879948,4.1282647687291085,0.124979973
2025-10-30 13:49:34.583859921,3.6445733726408913,0.124979973
2025-10-30 13:49:34.709029913,5.083953654241254,0.124979973
2025-10-30 13:49:34.834009886,6.221058686140487,0.124979973
2025-10-30 13:49:34.959290028,6.0275974364667055,0.124979973
2025-10-30 13:49:35.084160089,4.669027098431642,0.124979973
2025-10-30 13:49:35.209239960,3.2148893256522846,0.124979973
2025-10-30 13:49:35.334320068,3.2316008542980676,0.124979973
2025-10-30 13:49:35.459199905,4.292604727989988,0.124979973
2025-10-30 13:49:35.584270000,5.23744648487858,0.124979973
2025-10-30 13:49:35.709450006,5.606608341451184,0.124979973
2025-10-30 13:49:35.834530115,5.361104695750495,0.124979973
2025-10-30 13:49:35.959599972,4.866855599690728,0.124979973
2025-10-30 13:49:36.084579945,4.3767419114238395,0.124979973
2025-10-30 13:49:36.209059954,3.75903679857181,0.124979973
2025-10-30 13:49:36.334039927,3.4328069960248278,0.124979973
2025-10-30 13:49:36.458909988,4.134975958839422,0.124979973
2025-10-30 13:49:36.584089994,5.188914250200999,0.124979973
2025-10-30 13:49:36.709069967,5.474304007280012,0.124979973
2025-10-30 13:49:36.833940029,4.870764917853971,0.124979973
2025-10-30 13:49:36.958820105,4.206308442317325,0.124979973
2025-10-30 13:49:37.084000111,4.078334513896696,0.124979973
2025-10-30 13:49:37.209270000,4.050643992816945,0.124979973
2025-10-30 13:49:37.334350109,3.6910412453204855,0.124979973
2025-10-30 13:49:37.459229946,3.006139668413795,0.124979973
2025-10-30 13:49:37.584100008,2.393683129516311,0.124979973
2025-10-30 13:49:37.708780050,2.0896687553210436,0.124979973
2025-10-30 13:49:37.833659887,2.0366177773274003,0.124979973
2025-10-30 13:49:37.958640099,2.1648405847558387,0.124979973
2025-10-30 13:49:38.083709955,2.5383698752671955,0.124979973
2025-10-30 13:49:38.208489895,2.762879207350912,0.124979973
2025-10-30 13:49:38.333570004,2.52942416503658,0.124979973
2025-10-30 13:49:38.458539963,2.046251324238545,0.124979973
2025-10-30 13:49:38.583519936,2.0661789816429263,0.124979973
2025-10-30 13:49:38.708300114,2.4291408163544164,0.124979973
2025-10-30 13:49:38.833379984,2.505047211395027,0.124979973
2025-10-30 13:49:38.958250046,2.3487407098134527,0.124979973
2025-10-30 13:49:39.083230019,2.513289722717021,0.124979973
2025-10-30 13:49:39.208410025,3.0817260282074073,0.124979973
2025-10-30 13:49:39.333379984,3.5630904811567725,0.124979973
2025-10-30 13:49:39.458260059,3.701093982674177,0.124979973
2025-10-30 13:49:39.583440065,3.5561267028791312,0.124979973
2025-10-30 13:49:39.708620071,3.609975760904081,0.124979973
2025-10-30 13:49:39.833590031,4.7998255209957374,0.124979973
2025-10-30 13:49:39.958869934,6.752297013676605,0.124979973
2025-10-30 13:49:40.083750010,8.410996406349547,0.124979973
2025-10-30 13:49:40.208719969,9.00968572314845,0.124979973
2025-10-30 13:49:40.333800077,8.312462755710428,0.124979973
2025-10-30 13:49:40.458780050,6.6985750942181,0.124979973
2025-10-30 13:49:40.583849907,5.236399351741899,0.124979973
2025-10-30 13:49:40.708529949,5.5536487741820695,0.124979973
2025-10-30 13:49:40.833509922,7.408694076956411,0.124979973
2025-10-30 13:49:40.958389997,9.410540454575605,0.124979973
2025-10-30 13:49:41.083460093,11.697628345011351,0.124979973
2025-10-30 13:49:41.208240032,13.376713298134185,0.124979973
2025-10-30 13:49:41.333220005,12.302802898825833,0.124979973
2025-10-30 13:49:41.458290100,3.0905224894226238,0.124979973
2025-10-30 13:49:41.583369970,3.090754824602519,0.124979973
2025-10-30 13:49:41.708349943,3.088380505045376,0.124979973
2025-10-30 13:49:41.833630085,3.095515014624035,0.124979973
2025-10-30 13:49:41.958899975,3.0952713311929965,0.124979973
2025-10-30 13:49:42.084079981,3.093134883366983,0.124979973
2025-10-30 13:49:42.209160089,3.0907604913228854,0.124979973
2025-10-30 13:49:42.334130049,3.088142510420356,0.124979973
2025-10-30 13:49:42.458610058,3.0764986664847145,0.124979973
2025-10-30 13:49:42.583689928,3.0907548246025276,0.124979973
2025-10-30 13:49:42.708970070,3.095515014623968,0.124979973
2025-10-30 13:49:42.833839893,3.08576260426296,0.124979973
2025-10-30 13:49:42.958620071,3.083632083543058,0.124979973
2025-10-30 13:49:43.083600044,3.088380505045335,0.124979973
2025-10-30 13:49:43.208470106,3.0857682706194822,0.124979973
2025-10-30 13:49:43.333450079,3.0883805050454813,0.124979973
2025-10-30 13:49:43.458230019,3.0836264173427232,0.124979973
2025-10-30 13:49:43.583309889,3.0907548246024916,0.124979973
2025-10-30 13:49:43.708080053,3.0833941034842653,0.124979973
2025-10-30 13:49:43.833159924,3.090754824602496,0.124979973
2025-10-30 13:49:43.958039999,3.0860062579697654,0.124979973
2025-10-30 13:49:44.083110094,3.090522489422648,0.124979973
2025-10-30 13:49:44.207789898,3.0812466498809608,0.124979973
2025-10-30 13:49:44.332870007,3.090760491322856,0.124979973
2025-10-30 13:49:44.458050013,4.32015031501327,0.124979973
2025-10-30 13:49:44.583220005,7.9518103064848065,0.124979973
2025-10-30 13:49:44.708199978,8.54040619888826,0.124979973
2025-10-30 13:49:44.833179951,7.5859265809719645,0.124979973
2025-10-30 13:49:44.957950115,4.687755337149007,0.124979973
2025-10-30 13:49:45.082829952,3.933363669942813,0.124979973
2025-10-30 13:49:45.207710028,6.4390005380345325,0.124979973
2025-10-30 13:49:45.332690001,8.711838615421257,0.124979973
2025-10-30 13:49:45.457859993,6.962018250636952,0.124979973
2025-10-30 13:49:45.583039999,4.798576671935127,0.124979973
2025-10-30 13:49:45.707819939,3.903306132293366,0.124979973
2025-10-30 13:49:45.832690001,4.85191033920795,0.124979973
2025-10-30 13:49:45.957770109,4.298560183801665,0.124979973
2025-10-30 13:49:46.082950115,3.340454532840254,0.124979973
2025-10-30 13:49:46.207819939,3.9378614911289094,0.124979973
2025-10-30 13:49:46.332700014,6.079809974182581,0.124979973
2025-10-30 13:49:46.457679987,9.08932850128116,0.124979973
2025-10-30 13:49:46.582560062,10.544269557058753,0.124979973
2025-10-30 13:49:46.707629919,11.384815905654031,0.124979973
2025-10-30 13:49:46.832509995,9.755843096357538,0.124979973
2025-10-30 13:49:46.957489967,7.629220579813249,0.124979973
2025-10-30 13:49:47.082459927,6.1893123683371325,0.124979973
2025-10-30 13:49:47.207540035,8.522355179286357,0.124979973
2025-10-30 13:49:47.332520008,12.023885900727434,0.124979973
2025-10-30 13:49:47.457499981,13.575432388256296,0.124979973
2025-10-30 13:49:47.582570076,12.851679147171588,0.124979973
2025-10-30 13:49:47.707449913,10.30324997132924,0.124979973
2025-10-30 13:49:47.832329988,7.487623782383701,0.124979973
2025-10-30 13:49:47.957400084,5.1637388595087765,0.124979973
2025-10-30 13:49:48.082380056,4.139148578170999,0.124979973
2025-10-30 13:49:48.207560062,4.359569504110354,0.124979973
2025-10-30 13:49:48.332740068,4.665696975580068,0.124979973
2025-10-30 13:49:48.457710028,4.772808208312062,0.124979973
2025-10-30 13:49:48.582690001,5.503110815778291,0.124979973
2025-10-30 13:49:48.707969904,6.9086456195842025,0.124979973
2025-10-30 13:49:48.833139896,8.290525059941016,0.124979973
2025-10-30 13:49:48.957619905,8.723347661958625,0.124979973
2025-10-30 13:49:49.082799911,8.062912382512474,0.124979973
2025-10-30 13:49:49.207770109,6.944051489783109,0.124979973
2025-10-30 13:49:49.332750082,5.977538554335889,0.124979973
2025-10-30 13:49:49.457530022,5.34799710548968,0.124979973
2025-10-30 13:49:49.582509995,6.045961949629852,0.124979973
2025-10-30 13:49:49.707580090,8.606265246493278,0.124979973
2025-10-30 13:49:49.832360029,11.085629529257687,0.124979973
2025-10-30 13:49:49.957439899,11.5798807099199,0.124979973
2025-10-30 13:49:50.082119942,9.743830722361556,0.124979973
2025-10-30 13:49:50.207190037,7.772827032844356,0.124979973
2025-10-30 13:49:50.332170010,9.274844389918195,0.124979973
2025-10-30 13:49:50.457250118,12.321214743519405,0.124979973
2025-10-30 13:49:50.582119942,13.587947212949457,0.124979973
2025-10-30 13:49:50.707200050,12.439732153515488,0.124979973
2025-10-30 13:49:50.832279921,9.846354964876241,0.124979973
2025-10-30 13:49:50.957250118,7.119239433712213,0.124979973
2025-10-30 13:49:51.082329988,5.41643624385121,0.124979973
2025-10-30 13:49:51.207309961,4.855711537856628,0.124979973
2025-10-30 13:49:51.332590103,4.837150895451681,0.124979973
2025-10-30 13:49:51.457560062,4.9790786577252435,0.124979973
2025-10-30 13:49:51.582439899,5.1827576756861795,0.124979973
2025-10-30 13:49:51.707520008,5.259800608360264,0.124979973
2025-10-30 13:49:51.832590103,4.872664313654184,0.124979973
2025-10-30 13:49:51.957469940,4.091100871078468,0.124979973
2025-10-30 13:49:52.082350016,3.369396179083131,0.124979973
2025-10-30 13:49:52.207329988,3.309317600005173,0.124979973
2025-10-30 13:49:52.332200050,3.797828854061489,0.124979973
2025-10-30 13:49:52.457079887,4.57792348686607,0.124979973
2025-10-30 13:49:52.582060099,4.953656317309569,0.124979973
2025-10-30 13:49:52.707230091,4.92768021826011,0.124979973
2025-10-30 13:49:52.832309961,4.837019698181826,0.124979973
2025-10-30 13:49:52.957489967,4.688868555119347,0.124979973
2025-10-30 13:49:53.082560062,4.186481622637797,0.124979973
2025-10-30 13:49:53.207639933,3.3986629391423913,0.124979973
2025-10-30 13:49:53.332619905,2.772738224773302,0.124979973
2025-10-30 13:49:53.457499981,2.644314752123317,0.124979973
2025-10-30 13:49:53.582570076,2.9278681617784637,0.124979973
2025-10-30 13:49:53.707449913,3.1834698674224957,0.124979973
2025-10-30 13:49:53.832129955,3.187157414276396,0.124979973
2025-10-30 13:49:53.957200050,2.889906171370794,0.124979973
2025-10-30 13:49:54.081979990,2.462208644593914,0.124979973
2025-10-30 13:49:54.207060099,2.490207056764758,0.124979973
2025-10-30 13:49:54.331939936,3.522757527091809,0.124979973
2025-10-30 13:49:54.457010031,4.9993438186488035,0.124979973
2025-10-30 13:49:54.581789970,6.127622035463104,0.124979973
2025-10-30 13:49:54.706969976,6.420919210243343,0.124979973
2025-10-30 13:49:54.831840038,5.8296563083727335,0.124979973
2025-10-30 13:49:54.957020044,4.84496407479911,0.124979973
2025-10-30 13:49:55.081799984,4.106163261288573,0.124979973
2025-10-30 13:49:55.206880093,3.9160875202490044,0.124979973
2025-10-30 13:49:55.331850052,3.988999264558845,0.124979973
2025-10-30 13:49:55.457129955,4.324735406984109,0.124979973
2025-10-30 13:49:55.581909895,4.762802601404555,0.124979973
2025-10-30 13:49:55.706979990,5.345209442196068,0.124979973
2025-10-30 13:49:55.831759930,6.260481535492778,0.124979973
2025-10-30 13:49:55.956739902,7.117670063525704,0.124979973
2025-10-30 13:49:56.081720114,7.180765484932089,0.124979973
2025-10-30 13:49:56.206789970,6.314034359555546,0.124979973
2025-10-30 13:49:56.331769943,5.371361684933812,0.124979973
2025-10-30 13:49:56.456850052,6.046775110810969,0.124979973
2025-10-30 13:49:56.581919909,7.364267632974171,0.124979973
2025-10-30 13:49:56.707099915,7.823652986285691,0.124979973
2025-10-30 13:49:56.831680059,7.392371047888491,0.124979973
2025-10-30 13:49:56.956759930,6.853368426999894,0.124979973
2025-10-30 13:49:57.081729889,6.604254768530814,0.124979973
2025-10-30 13:49:57.206609964,5.962944264005492,0.124979973
2025-10-30 13:49:57.331490040,4.571139231888699,0.124979973
2025-10-30 13:49:57.456559896,3.2949412810077505,0.124979973
2025-10-30 13:49:57.581439972,3.1629876433659994,0.124979973
2025-10-30 13:49:57.706520081,3.7062038914285327,0.124979973
2025-10-30 13:49:57.831399918,4.225988556434104,0.124979973
2025-10-30 13:49:57.956569910,4.864695447278893,0.124979973
2025-10-30 13:49:58.081749916,6.010968096725185,0.124979973
2025-10-30 13:49:58.206929922,8.266484724788706,0.124979973
2025-10-30 13:49:58.332010031,11.206392440022034,0.124979973
2025-10-30 13:49:58.457089901,13.337677685930187,0.124979973
2025-10-30 13:49:58.581860065,13.526376595429946,0.124979973
2025-10-30 13:49:58.706939936,11.619780054299262,0.124979973
2025-10-30 13:49:58.831619978,8.533628133017338,0.124979973
2025-10-30 13:49:58.956789970,7.0407350514155125,0.124979973
2025-10-30 13:49:59.081670046,8.365542275317125,0.124979973
2025-10-30 13:49:59.206650019,9.325312143688114,0.124979973
2025-10-30 13:49:59.331429958,8.48984110256423,0.124979973
2025-10-30 13:49:59.456399918,7.289448270527612,0.124979973
2025-10-30 13:49:59.581379890,7.087189686420846,0.124979973
2025-10-30 13:49:59.706459999,6.318694187434222,0.124979973
2025-10-30 13:49:59.831330061,4.7573770464749785,0.124979973
2025-10-30 13:49:59.956409931,6.733234614136433,0.124979973
2025-10-30 13:50:00.081389904,10.16374875892837,0.124979973
2025-10-30 13:50:00.206470013,11.70516468680236,0.124979973
2025-10-30 13:50:00.331239939,10.482415991687699,0.124979973
2025-10-30 13:50:00.456219912,7.625576153919584,0.124979973
2025-10-30 13:50:00.581199884,4.96315278262205,0.124979973
2025-10-30 13:50:00.706269979,3.8550217629021244,0.124979973
2025-10-30 13:50:00.831150055,3.566350052317635,0.124979973
2025-10-30 13:50:00.956130028,3.330361740462288,0.124979973
2025-10-30 13:50:01.081110001,3.2241461022869298,0.124979973
2025-10-30 13:50:01.206079960,3.1982464783002578,0.124979973
2025-10-30 13:50:01.331160069,3.099381381044772,0.124979973
2025-10-30 13:50:01.456039906,2.9826885956076614,0.124979973
2025-10-30 13:50:01.581010103,3.107342547701331,0.124979973
2025-10-30 13:50:01.705889940,3.586942540341286,0.124979973
2025-10-30 13:50:01.830970049,4.247943389387622,0.124979973
2025-10-30 13:50:01.955849886,4.661023835560165,0.124979973
2025-10-30 13:50:02.080820084,4.705803016318469,0.124979973
2025-10-30 13:50:02.206000090,4.584083985354435,0.124979973
2025-10-30 13:50:02.331180096,4.442592814247441,0.124979973
2025-10-30 13:50:02.456049919,4.083971262833028,0.124979973
2025-10-30 13:50:02.581029892,3.6699516842646585,0.124979973
2025-10-30 13:50:02.705909967,3.625402082728066,0.124979973
2025-10-30 13:50:02.830879927,4.143412301548567,0.124979973
2025-10-30 13:50:02.955559969,5.6152128436093145,0.124979973
2025-10-30 13:50:03.080539942,7.930926243710567,0.124979973
2025-10-30 13:50:03.205820084,10.1866172000298,0.124979973
2025-10-30 13:50:03.330990076,10.926546025475526,0.124979973
2025-10-30 13:50:03.455869913,9.258002611006491,0.124979973
2025-10-30 13:50:03.580950022,5.831445667966134,0.124979973
2025-10-30 13:50:03.705820084,5.1605284592796306,0.124979973
2025-10-30 13:50:03.830899954,9.028527210629374,0.124979973
2025-10-30 13:50:03.955879927,11.859387138027286,0.124979973
2025-10-30 13:50:04.080859900,11.907701145464308,0.124979973
2025-10-30 13:50:04.205830097,9.525482545224573,0.124979973
2025-10-30 13:50:04.330909967,6.315388470018373,0.124979973
2025-10-30 13:50:04.455689907,4.0807965191153555,0.124979973
2025-10-30 13:50:04.580760002,3.494373317910237,0.124979973
2025-10-30 13:50:04.705739975,3.341404405328544,0.124979973
2025-10-30 13:50:04.830719948,3.320360900612613,0.124979973
2025-10-30 13:50:04.955800056,3.5472871363832383,0.124979973
2025-10-30 13:50:05.080869913,3.906789703681912,0.124979973
2025-10-30 13:50:05.205849886,5.8083233453694705,0.124979973
2025-10-30 13:50:05.330929995,9.487688240636492,0.124979973
2025-10-30 13:50:05.455699921,12.937493241218409,0.124979973
2025-10-30 13:50:05.580679893,14.012712374487924,0.124979973
2025-10-30 13:50:05.705660105,11.621667007177066,0.124979973
2025-10-30 13:50:05.830640078,6.109701205732569,0.124979973
2025-10-30 13:50:05.955810070,4.465895199770142,0.124979973
2025-10-30 13:50:06.080790043,10.439223747469828,0.124979973
2025-10-30 13:50:06.205970049,14.329557962172,0.124979973
2025-10-30 13:50:06.330940008,14.276794370394287,0.124979973
2025-10-30 13:50:06.456120014,10.7812430489489,0.124979973
2025-10-30 13:50:06.581000090,5.696254096182771,0.124979973
2025-10-30 13:50:06.705970049,2.5456073340992718,0.124979973
2025-10-30 13:50:06.831049919,4.272340308023695,0.124979973
2025-10-30 13:50:06.955830097,5.450699748419555,0.124979973
2025-10-30 13:50:07.080909967,5.347130507897951,0.124979973
2025-10-30 13:50:07.205879927,4.642652991745237,0.124979973
2025-10-30 13:50:07.330859900,3.9725429647125274,0.124979973
2025-10-30 13:50:07.455739975,3.5827992821359667,0.124979973
2025-10-30 13:50:07.580810070,3.5349423553336763,0.124979973
2025-10-30 13:50:07.705490112,3.75395385763251,0.124979973
2025-10-30 13:50:07.830569983,3.8057175763197404,0.124979973
2025-10-30 13:50:07.955450058,3.6336422531406423,0.124979973
2025-10-30 13:50:08.080319881,3.622888051976765,0.124979973
2025-10-30 13:50:08.205300093,3.977432436518941,0.124979973
2025-10-30 13:50:08.330179930,4.9490965660370785,0.124979973
2025-10-30 13:50:08.455250025,6.51915134685574,0.124979973
2025-10-30 13:50:08.580229998,8.00217467938641,0.124979973
2025-10-30 13:50:08.705209970,8.550887083961817,0.124979973
2025-10-30 13:50:08.830290079,7.706718040208297,0.124979973
2025-10-30 13:50:08.955260038,5.713287310476341,0.124979973
2025-10-30 13:50:09.080240011,4.406124889060114,0.124979973
2025-10-30 13:50:09.205219984,6.056885940851041,0.124979973
2025-10-30 13:50:09.330189943,8.431529836562223,0.124979973
2025-10-30 13:50:09.455169916,9.94900860333355,0.124979973
2025-10-30 13:50:09.580149889,11.048649175707002,0.124979973
2025-10-30 13:50:09.705329895,12.976791825230958,0.124979973
2025-10-30 13:50:09.830399990,15.074514980077105,0.124979973
2025-10-30 13:50:09.955480099,15.71735500655199,0.124979973
2025-10-30 13:50:10.080559969,13.924848297705077,0.124979973
2025-10-30 13:50:10.205529928,10.043642450730264,0.124979973
2025-10-30 13:50:10.330509901,5.375838415131543,0.124979973
2025-10-30 13:50:10.455189943,3.5197833314268085,0.124979973
2025-10-30 13:50:10.580260038,6.331508778282002,0.124979973
2025-10-30 13:50:10.705440044,9.21089522964364,0.124979973
2025-10-30 13:50:10.830319881,10.84590500012539,0.124979973
2025-10-30 13:50:10.955100060,10.953778759171929,0.124979973
2025-10-30 13:50:11.080070019,10.037081011572386,0.124979973
2025-10-30 13:50:11.205149889,9.309292574491256,0.124979973
2025-10-30 13:50:11.330130100,9.340508144881037,0.124979973
2025-10-30 13:50:11.455100060,9.209339272258028,0.124979973
2025-10-30 13:50:11.580280066,9.548229024179824,0.124979973
2025-10-30 13:50:11.705260038,13.629335425521816,0.124979973
2025-10-30 13:50:11.830240011,21.12894152934953,0.124979973
2025-10-30 13:50:11.955209970,28.059040840672047,0.124979973
2025-10-30 13:50:12.080189943,30.258258613656206,0.124979973
2025-10-30 13:50:12.205169916,24.97575924214479,0.124979973
2025-10-30 13:50:12.330039978,13.678079039321275,0.124979973
2025-10-30 13:50:12.455219984,10.549565945300447,0.124979973
2025-10-30 13:50:12.580100060,21.67652297092465,0.124979973
2025-10-30 13:50:12.705280066,27.93739856004192,0.124979973
2025-10-30 13:50:12.830349922,26.676207848615842,0.124979973
2025-10-30 13:50:12.955329895,20.597710012678057,0.124979973
2025-10-30 13:50:13.080209970,14.130238806435264,0.124979973
2025-10-30 13:50:13.205179930,9.668525539489254,0.124979973
2025-10-30 13:50:13.330369949,7.383982779652996,0.124979973
2025-10-30 13:50:13.455039978,7.516492925035718,0.124979973
2025-10-30 13:50:13.580019951,8.730896286306182,0.124979973
2025-10-30 13:50:13.704999924,9.892693846431667,0.124979973
2025-10-30 13:50:13.829869986,10.696165511141038,0.124979973
2025-10-30 13:50:13.954950094,10.818889897402968,0.124979973
2025-10-30 13:50:14.079930067,10.012829594709778,0.124979973
2025-10-30 13:50:14.204910040,8.998364189809113,0.124979973
2025-10-30 13:50:14.329979897,9.077405251708882,0.124979973
2025-10-30 13:50:14.455159903,9.992443911594302,0.124979973
2025-10-30 13:50:14.579940081,10.546736511229149,0.124979973
2025-10-30 13:50:14.704910040,10.453317785477106,0.124979973
2025-10-30 13:50:14.829989910,10.006733505494287,0.124979973
2025-10-30 13:50:14.955070019,9.044786800738036,0.124979973
2025-10-30 13:50:15.080149889,7.228752736090509,0.124979973
2025-10-30 13:50:15.205120087,5.246751353032655,0.124979973
2025-10-30 13:50:15.330300093,5.520253184790984,0.124979973
2025-10-30 13:50:15.455179930,7.223383667456271,0.124979973
2025-10-30 13:50:15.580149889,7.958553045450096,0.124979973
2025-10-30 13:50:15.705029964,8.28453577076006,0.124979973
2025-10-30 13:50:15.829910040,9.167536276736135,0.124979973
2025-10-30 13:50:15.954989910,9.203993713375134,0.124979973
2025-10-30 13:50:16.080159903,7.14429029717284,0.124979973
2025-10-30 13:50:16.205140114,5.0146140104821635,0.124979973
2025-10-30 13:50:16.330019951,7.4244963843235885,0.124979973
2025-10-30 13:50:16.454989910,11.180600273174557,0.124979973
2025-10-30 13:50:16.580169916,13.12672801938956,0.124979973
2025-10-30 13:50:16.704950094,12.573650286511912,0.124979973
2025-10-30 13:50:16.829829931,10.280942445519818,0.124979973
2025-10-30 13:50:16.954699993,7.281256071194721,0.124979973
2025-10-30 13:50:17.079679966,5.026176538941007,0.124979973
2025-10-30 13:50:17.204659939,5.322842086159894,0.124979973
2025-10-30 13:50:17.329430103,6.701867809939181,0.124979973
2025-10-30 13:50:17.454610109,7.090000971979623,0.124979973
2025-10-30 13:50:17.579689980,6.087790574915745,0.124979973
2025-10-30 13:50:17.704560041,4.603762494726243,0.124979973
2025-10-30 13:50:17.829639912,4.324380447578936,0.124979973
2025-10-30 13:50:17.954720020,5.137415527197211,0.124979973
2025-10-30 13:50:18.079699993,5.678200149540433,0.124979973
2025-10-30 13:50:18.204780102,5.526780546381138,0.124979973
2025-10-30 13:50:18.329760075,4.840027013412942,0.124979973
2025-10-30 13:50:18.454530001,4.293877761205948,0.124979973
2025-10-30 13:50:18.579509974,4.6592360822551155,0.124979973
2025-10-30 13:50:18.704590082,5.442018648920637,0.124979973
2025-10-30 13:50:18.829370022,5.896342807819012,0.124979973
2025-10-30 13:50:18.954440117,6.152275654521098,0.124979973
2025-10-30 13:50:19.079420090,6.265959698614889,0.124979973
2025-10-30 13:50:19.204400063,5.98893588577946,0.124979973
2025-10-30 13:50:19.329269886,5.19282911091642,0.124979973
2025-10-30 13:50:19.454149961,4.611273071949978,0.124979973
2025-10-30 13:50:19.578929901,5.196734075536961,0.124979973
2025-10-30 13:50:19.704010010,5.937632258769821,0.124979973
2025-10-30 13:50:19.828880072,5.62614869434474,0.124979973
2025-10-30 13:50:19.954060078,4.62276536187475,0.124979973
2025-10-30 13:50:20.078840017,3.9348754093550413,0.124979973
2025-10-30 13:50:20.204210043,3.7046009428802176,0.124979973
2025-10-30 13:50:20.329190016,3.498149365346341,0.124979973
2025-10-30 13:50:20.454269886,3.3391962851255093,0.124979973
2025-10-30 13:50:20.579240084,3.465628428232461,0.124979973
2025-10-30 13:50:20.704420090,3.7107701792149554,0.124979973
2025-10-30 13:50:20.829499960,3.806064824318289,0.124979973
2025-10-30 13:50:20.954780102,3.882199734287766,0.124979973
2025-10-30 13:50:21.079449892,4.227853386556587,0.124979973
2025-10-30 13:50:21.204430103,4.711441081555939,0.124979973
2025-10-30 13:50:21.329210043,4.9675066350152965,0.124979973
2025-10-30 13:50:21.454279900,4.831608393501278,0.124979973
2025-10-30 13:50:21.579060078,4.656479829978006,0.124979973
2025-10-30 13:50:21.704240084,4.714941894032311,0.124979973
2025-10-30 13:50:21.829119921,4.903997525681269,0.124979973
2025-10-30 13:50:21.953989983,5.115965980502119,0.124979973
2025-10-30 13:50:22.078870058,5.54062464395947,0.124979973
2025-10-30 13:50:22.204050064,6.355647939040282,0.124979973
2025-10-30 13:50:22.329030037,6.817577741278276,0.124979973
2025-10-30 13:50:22.454010010,6.404019257354166,0.124979973
2025-10-30 13:50:22.578989983,5.369323375824183,0.124979973
2025-10-30 13:50:22.704070091,4.430833067620805,0.124979973
2025-10-30 13:50:22.828939915,4.165021141025217,0.124979973
2025-10-30 13:50:22.954020023,4.805630888695781,0.124979973
2025-10-30 13:50:23.078900099,5.8016196532723505,0.124979973
2025-10-30 13:50:23.204070091,6.669077525435884,0.124979973
2025-10-30 13:50:23.329050064,6.486692620218334,0.124979973
2025-10-30 13:50:23.454230070,5.432030412472578,0.124979973
2025-10-30 13:50:23.579109907,4.223799639695165,0.124979973
2025-10-30 13:50:23.704080105,3.740776059500354,0.124979973
2025-10-30 13:50:23.828959942,3.9182547608733924,0.124979973
2025-10-30 13:50:23.954040051,3.939022005069279,0.124979973
2025-10-30 13:50:24.079010010,3.6123216292900886,0.124979973
2025-10-30 13:50:24.204090118,3.550806393638634,0.124979973
2025-10-30 13:50:24.329070091,4.507699044812442,0.124979973
2025-10-30 13:50:24.454040051,6.402667214488349,0.124979973
2025-10-30 13:50:24.578919888,8.416582256776321,0.124979973
2025-10-30 13:50:24.703999996,10.129956774774364,0.124979973
2025-10-30 13:50:24.828979969,11.32675936133301,0.124979973
2025-10-30 13:50:24.954050064,11.674200330194784,0.124979973
2025-10-30 13:50:25.079030037,10.594453255814006,0.124979973
2025-10-30 13:50:25.204010010,8.262413328329803,0.124979973
2025-10-30 13:50:25.329080105,8.158804814110214,0.124979973
2025-10-30 13:50:25.454159975,10.892206408894848,0.124979973
2025-10-30 13:50:25.579040051,12.980728536855318,0.124979973
2025-10-30 13:50:25.703919888,12.384863370903128,0.124979973
2025-10-30 13:50:25.828890085,9.145448086843695,0.124979973
2025-10-30 13:50:25.953670025,5.299999828421224,0.124979973
2025-10-30 13:50:26.078550100,4.678806199682137,0.124979973
2025-10-30 13:50:26.203520060,6.561577908024257,0.124979973
2025-10-30 13:50:26.328700066,7.461090492622711,0.124979973
2025-10-30 13:50:26.453979969,6.6285565054908435,0.124979973
2025-10-30 13:50:26.578759909,4.728521602116459,0.124979973
2025-10-30 13:50:26.703629971,4.217514804810648,0.124979973
2025-10-30 13:50:26.828710079,5.756118942264397,0.124979973
2025-10-30 13:50:26.953989983,6.913643069107199,0.124979973
2025-10-30 13:50:27.078959942,6.885169905985545,0.124979973
2025-10-30 13:50:27.203739882,5.9249097375084965,0.124979973
2025-10-30 13:50:27.328520060,4.798626337062618,0.124979973
2025-10-30 13:50:27.453500032,3.9369704649985624,0.124979973
2025-10-30 13:50:27.578370094,4.071427641727285,0.124979973
2025-10-30 13:50:27.703449965,4.669365371869608,0.124979973
2025-10-30 13:50:27.828429937,5.163365689538171,0.124979973
2025-10-30 13:50:27.953299999,5.56107560392214,0.124979973
2025-10-30 13:50:28.078380108,6.790046028278012,0.124979973
2025-10-30 13:50:28.203560114,8.748193913811525,0.124979973
2025-10-30 13:50:28.328340054,9.814750063256476,0.124979973
2025-10-30 13:50:28.453409910,8.511896995192904,0.124979973
2025-10-30 13:50:28.578190088,6.555983883277476,0.124979973
2025-10-30 13:50:28.703370094,7.019734079890846,0.124979973
2025-10-30 13:50:28.828239918,9.07271470129349,0.124979973
2025-10-30 13:50:28.953320026,9.62478709591433,0.124979973
2025-10-30 13:50:29.078200102,8.091657775903775,0.124979973
2025-10-30 13:50:29.203279972,5.751289804127852,0.124979973
2025-10-30 13:50:29.328249931,6.692209335628632,0.124979973
2025-10-30 13:50:29.453330040,16.447209782344753,0.124979973
2025-10-30 13:50:29.578510046,29.520238882235486,0.124979973
2025-10-30 13:50:29.703779936,39.00381698386383,0.124979973
2025-10-30 13:50:29.828459978,38.76984204474338,0.124979973
2025-10-30 13:50:29.953540087,26.76142973891676,0.124979973
2025-10-30 13:50:30.078609943,7.917043176716926,0.124979973
2025-10-30 13:50:30.203890085,19.54306705899646,0.124979973
2025-10-30 13:50:30.328670025,35.35954472823331,0.124979973
2025-10-30 13:50:30.453550100,39.816045192953425,0.124979973
2025-10-30 13:50:30.578419924,33.0259664300917,0.124979973
2025-10-30 13:50:30.703500032,20.758068409694648,0.124979973
2025-10-30 13:50:30.828180075,10.307132379671858,0.124979973
2025-10-30 13:50:30.953249931,7.088375111221048,0.124979973
2025-10-30 13:50:31.078229904,7.822254517044239,0.124979973
2025-10-30 13:50:31.203310013,8.938801345311687,0.124979973
2025-10-30 13:50:31.328389883,9.298439626116954,0.124979973
2025-10-30 13:50:31.453360081,8.26595378079977,0.124979973
2025-10-30 13:50:31.578039885,5.888326269763674,0.124979973
2025-10-30 13:50:31.703219891,3.9656698927933975,0.124979973
2025-10-30 13:50:31.828389883,5.693389188307347,0.124979973
2025-10-30 13:50:31.953670025,8.425385973259564,0.124979973
2025-10-30 13:50:32.078649998,10.121525169021366,0.124979973
2025-10-30 13:50:32.203619957,10.188747796980795,0.124979973
2025-10-30 13:50:32.328700066,8.570582174322581,0.124979973
2025-10-30 13:50:32.453880072,5.718062422206668,0.124979973
2025-10-30 13:50:32.578660011,4.1082783037642425,0.124979973
2025-10-30 13:50:32.703629971,6.595492497098984,0.124979973
2025-10-30 13:50:32.828510046,8.83476478240564,0.124979973
2025-10-30 13:50:32.953589916,8.70780410733079,0.124979973
2025-10-30 13:50:33.078160048,6.852604252459936,0.124979973
2025-10-30 13:50:33.203239918,5.104323176773391,0.124979973
2025-10-30 13:50:33.328119993,4.524903274364216,0.124979973
2025-10-30 13:50:33.453200102,4.274919281981006,0.124979973
2025-10-30 13:50:33.577970028,4.6500205345939065,0.124979973
2025-10-30 13:50:33.702950001,6.286279996353408,0.124979973
2025-10-30 13:50:33.827929974,7.564152898438661,0.124979973
2025-10-30 13:50:33.952899933,7.324267672341993,0.124979973
2025-10-30 13:50:34.077879906,5.459274620508662,0.124979973
2025-10-30 13:50:34.202759981,3.8644245205816867,0.124979973
2025-10-30 13:50:34.327640057,5.347727993616634,0.124979973
2025-10-30 13:50:34.452810049,7.1993468960571,0.124979973
2025-10-30 13:50:34.577790022,8.013432340568366,0.124979973
2025-10-30 13:50:34.702970028,7.436862287839073,0.124979973
2025-10-30 13:50:34.827939987,6.250969677539957,0.124979973
2025-10-30 13:50:34.953020096,4.734657265216036,0.124979973
2025-10-30 13:50:35.077899933,3.2477931229347115,0.124979973
2025-10-30 13:50:35.202780008,3.1062764296577017,0.124979973
2025-10-30 13:50:35.327650070,4.30283704143801,0.124979973
2025-10-30 13:50:35.452729940,5.38357018127599,0.124979973
2025-10-30 13:50:35.577709913,6.118322464793433,0.124979973
2025-10-30 13:50:35.702879906,6.860728460363448,0.124979973
2025-10-30 13:50:35.827860117,7.777525983413813,0.124979973
2025-10-30 13:50:35.952939987,8.866740789997529,0.124979973
2025-10-30 13:50:36.078020096,9.6327847602618,0.124979973
2025-10-30 13:50:36.202990055,10.04778125003162,0.124979973
2025-10-30 13:50:36.328069925,9.43761503894395,0.124979973
2025-10-30 13:50:36.452850103,7.925795696944378,0.124979973
2025-10-30 13:50:36.578020096,6.711280372396761,0.124979973
2025-10-30 13:50:36.702800035,7.420265677335347,0.124979973
2025-10-30 13:50:36.827780008,8.948347823564248,0.124979973
2025-10-30 13:50:36.952660084,9.906123591131749,0.124979973
2025-10-30 13:50:37.077830076,10.249650893990536,0.124979973
2025-10-30 13:50:37.202909946,11.287576766497804,0.124979973
2025-10-30 13:50:37.327790022,13.523135003486319,0.124979973
2025-10-30 13:50:37.452860117,14.791897668054055,0.124979973
2025-10-30 13:50:37.577739954,13.917781435694554,0.124979973
2025-10-30 13:50:37.702820063,11.191758418716516,0.124979973
2025-10-30 13:50:37.827589989,10.402417868377574,0.124979973
2025-10-30 13:50:37.952769995,13.960618298810086,0.124979973
2025-10-30 13:50:38.077650070,17.65870801632996,0.124979973
2025-10-30 13:50:38.202529907,17.73371627360433,0.124979973
2025-10-30 13:50:38.327500105,15.03767797731701,0.124979973
2025-10-30 13:50:38.452480078,10.400139458360016,0.124979973
2025-10-30 13:50:38.577260017,7.035680186058772,0.124979973
2025-10-30 13:50:38.702330112,5.263360330121434,0.124979973
2025-10-30 13:50:38.827209949,4.658569832097077,0.124979973
2025-10-30 13:50:38.952189922,5.083292776151398,0.124979973
2025-10-30 13:50:39.077270031,5.547645793641119,0.124979973
2025-10-30 13:50:39.202039957,5.813005608549677,0.124979973
2025-10-30 13:50:39.326920033,6.561662935666689,0.124979973
2025-10-30 13:50:39.452100039,7.128731377831403,0.124979973
2025-10-30 13:50:39.577169895,6.375687393018575,0.124979973
2025-10-30 13:50:39.702349901,4.534482193933945,0.124979973
2025-10-30 13:50:39.827330112,4.175818161442257,0.124979973
2025-10-30 13:50:39.952409983,6.24469053651564,0.124979973
2025-10-30 13:50:40.077680111,7.484674921486972,0.124979973
2025-10-30 13:50:40.202559948,7.087815726073302,0.124979973
2025-10-30 13:50:40.327339888,5.636493141013923,0.124979973
2025-10-30 13:50:40.452409983,4.292100080463409,0.124979973
2025-10-30 13:50:40.577389956,3.5566144956932004,0.124979973
2025-10-30 13:50:40.702470064,3.4452041784979883,0.124979973
2025-10-30 13:50:40.827349901,3.301759429364744,0.124979973
2025-10-30 13:50:40.952419996,3.581444372671869,0.124979973
2025-10-30 13:50:41.077300072,4.342808146673994,0.124979973
2025-10-30 13:50:41.202379942,4.824418202425035,0.124979973
2025-10-30 13:50:41.327549934,4.162325089478235,0.124979973
2025-10-30 13:50:41.452330112,2.771390686544213,0.124979973
2025-10-30 13:50:41.577409983,3.1375235207594856,0.124979973
2025-10-30 13:50:41.702189922,5.014234535970272,0.124979973
2025-10-30 13:50:41.826960087,6.169319868500984,0.124979973
2025-10-30 13:50:41.952039957,5.999081717231313,0.124979973
2025-10-30 13:50:42.077019930,4.639155109040869,0.124979973
2025-10-30 13:50:42.201889992,3.0428148896253946,0.124979973
2025-10-30 13:50:42.326869965,3.042948220449536,0.124979973
2025-10-30 13:50:42.451849937,3.962198491532573,0.124979973
2025-10-30 13:50:42.577019930,4.157281514278893,0.124979973
2025-10-30 13:50:42.702199936,3.619506150451191,0.124979973
2025-10-30 13:50:42.827080011,3.2036104970211348,0.124979973
2025-10-30 13:50:42.952260017,3.3963372091014463,0.124979973
2025-10-30 13:50:43.077330112,3.6242591985794834,0.124979973
2025-10-30 13:50:43.202209949,3.7425917795680035,0.124979973
2025-10-30 13:50:43.327290058,4.1090888964743755,0.124979973
2025-10-30 13:50:43.452159882,5.181762395891672,0.124979973
2025-10-30 13:50:43.577039957,6.6020122000244745,0.124979973
2025-10-30 13:50:43.702120066,7.352571902294054,0.124979973
2025-10-30 13:50:43.827100039,6.942192831392902,0.124979973
2025-10-30 13:50:43.951869965,5.698050234358241,0.124979973
2025-10-30 13:50:44.076750040,4.5381546678160944,0.124979973
2025-10-30 13:50:44.202029943,4.420767726810695,0.124979973
2025-10-30 13:50:44.326999903,5.361915964655451,0.124979973
2025-10-30 13:50:44.452179909,6.505406209202543,0.124979973
2025-10-30 13:50:44.577359915,7.264980471618282,0.124979973
2025-10-30 13:50:44.702330112,7.1220287616455185,0.124979973
2025-10-30 13:50:44.827310085,6.148640293971341,0.124979973
2025-10-30 13:50:44.952389956,5.653282145283305,0.124979973
2025-10-30 13:50:45.077369928,5.693213903585917,0.124979973
2025-10-30 13:50:45.202239990,5.348866066645248,0.124979973
2025-10-30 13:50:45.327320099,5.045373202454503,0.124979973
2025-10-30 13:50:45.452300072,6.290558809456834,0.124979973
2025-10-30 13:50:45.577169895,7.795647682901338,0.124979973
2025-10-30 13:50:45.701950073,7.689981020029828,0.124979973
2025-10-30 13:50:45.826930046,5.9749109611543165,0.124979973
2025-10-30 13:50:45.951809883,5.010447098341224,0.124979973
2025-10-30 13:50:46.076580048,5.8308015150812675,0.124979973
2025-10-30 13:50:46.201560020,5.837924715367524,0.124979973
2025-10-30 13:50:46.326339960,4.703264331171489,0.124979973
2025-10-30 13:50:46.451420069,5.08588161545056,0.124979973
2025-10-30 13:50:46.576390028,6.798609688673266,0.124979973
2025-10-30 13:50:46.701469898,9.168847789743158,0.124979973
2025-10-30 13:50:46.826550007,12.186125467186196,0.124979973
2025-10-30 13:50:46.951620102,14.197001161036193,0.124979973
2025-10-30 13:50:47.076699972,13.046017620344072,0.124979973
2025-10-30 13:50:47.201479912,8.76023220216074,0.124979973
2025-10-30 13:50:47.326649904,5.425588984960528,0.124979973
2025-10-30 13:50:47.451829910,9.19318336373734,0.124979973
2025-10-30 13:50:47.576809883,13.098831361453737,0.124979973
2025-10-30 13:50:47.701790094,13.73219874048399,0.124979973
2025-10-30 13:50:47.826659918,11.515325342888103,0.124979973
2025-10-30 13:50:47.951539993,8.374435076891933,0.124979973
2025-10-30 13:50:48.076620102,5.6910185534216104,0.124979973
2025-10-30 13:50:48.201689959,4.0002964539753805,0.124979973
2025-10-30 13:50:48.326669931,4.180026403035153,0.124979973
2025-10-30 13:50:48.451450109,5.384463120037782,0.124979973
2025-10-30 13:50:48.576329947,5.725262809205007,0.124979973
2025-10-30 13:50:48.701200008,5.0843063648378815,0.124979973
2025-10-30 13:50:48.826280117,4.144054760128418,0.124979973
2025-10-30 13:50:48.951260090,3.451699021603274,0.124979973
2025-10-30 13:50:49.076129913,2.8046886218610796,0.124979973
2025-10-30 13:50:49.201109886,2.3344692257459725,0.124979973
2025-10-30 13:50:49.326289892,2.8097014795778574,0.124979973
2025-10-30 13:50:49.451370001,3.4545374007623653,0.124979973
2025-10-30 13:50:49.576240063,3.5636047045601167,0.124979973
2025-10-30 13:50:49.701319933,3.6857393617590493,0.124979973
2025-10-30 13:50:49.826200008,4.786384423612462,0.124979973
2025-10-30 13:50:49.951270103,6.504316476687308,0.124979973
2025-10-30 13:50:50.075949907,7.883388067703441,0.124979973
2025-10-30 13:50:50.201129913,8.454249250498238,0.124979973
2025-10-30 13:50:50.326009989,7.987555336630664,0.124979973
2025-10-30 13:50:50.451280117,6.538637496590785,0.124979973
2025-10-30 13:50:50.576060057,4.574260074437611,0.124979973
2025-10-30 13:50:50.701240063,3.1417937513982364,0.124979973
2025-10-30 13:50:50.826309919,2.835023194794179,0.124979973
2025-10-30 13:50:50.951390028,2.814008519255761,0.124979973
2025-10-30 13:50:51.076370001,3.6494032245471315,0.124979973
2025-10-30 13:50:51.201440096,5.335983174834699,0.124979973
2025-10-30 13:50:51.326220036,6.321541177422402,0.124979973
2025-10-30 13:50:51.451200008,5.677579751746777,0.124979973
2025-10-30 13:50:51.576080084,4.441927600487765,0.124979973
2025-10-30 13:50:51.701250076,6.165748500404798,0.124979973
2025-10-30 13:50:51.826329947,9.50270442726369,0.124979973
2025-10-30 13:50:51.951309919,11.357765175794883,0.124979973
2025-10-30 13:50:52.075979948,10.771656326369499,0.124979973
2025-10-30 13:50:52.201060057,8.392564729170756,0.124979973
2025-10-30 13:50:52.326040030,6.01283018102898,0.124979973
2025-10-30 13:50:52.451319933,5.089592891741539,0.124979973
2025-10-30 13:50:52.576189995,4.9125037121752895,0.124979973
2025-10-30 13:50:52.701270103,4.865708872400917,0.124979973
2025-10-30 13:50:52.826149940,5.107403745100341,0.124979973
2025-10-30 13:50:52.951319933,5.430599473510545,0.124979973
2025-10-30 13:50:53.076200008,5.167960788418774,0.124979973
2025-10-30 13:50:53.201280117,4.238555559104658,0.124979973
2025-10-30 13:50:53.326260090,3.280728058052359,0.124979973
2025-10-30 13:50:53.451339960,3.0159690602545974,0.124979973
2025-10-30 13:50:53.576210022,3.3888546687276215,0.124979973
2025-10-30 13:50:53.701289892,3.599773269596156,0.124979973
2025-10-30 13:50:53.826270103,3.5003971978088435,0.124979973
2025-10-30 13:50:53.951240063,3.3752193023576997,0.124979973
2025-10-30 13:50:54.076420069,3.414477185319006,0.124979973
2025-10-30 13:50:54.201400042,3.6046285808171694,0.124979973
2025-10-30 13:50:54.326479912,3.7846602497731547,0.124979973
2025-10-30 13:50:54.451450109,4.028351834595137,0.124979973
2025-10-30 13:50:54.576129913,4.382109292484613,0.124979973
2025-10-30 13:50:54.701109886,4.879976822375901,0.124979973
2025-10-30 13:50:54.825880051,5.542550199098336,0.124979973
2025-10-30 13:50:54.950860023,6.126511546888,0.124979973
2025-10-30 13:50:55.075740099,6.340142236572537,0.124979973
2025-10-30 13:50:55.200720072,6.14644043092862,0.124979973
2025-10-30 13:50:55.325589895,5.843079818850329,0.124979973
2025-10-30 13:50:55.450670004,5.51726507308014,0.124979973
2025-10-30 13:50:55.575649977,5.142682382823092,0.124979973
2025-10-30 13:50:55.700619936,4.880596784420835,0.124979973
2025-10-30 13:50:55.825700045,5.024462367096007,0.124979973
2025-10-30 13:50:55.950779915,5.467622529197952,0.124979973
2025-10-30 13:50:56.075959921,5.5971495769457515,0.124979973
2025-10-30 13:50:56.200930119,5.377791764582374,0.124979973
2025-10-30 13:50:56.325809956,5.304597074116469,0.124979973
2025-10-30 13:50:56.450890064,5.479843137767176,0.124979973
2025-10-30 13:50:56.575860023,5.263124463126347,0.124979973
2025-10-30 13:50:56.700839996,4.509310745392138,0.124979973
2025-10-30 13:50:56.825920105,4.633380450872344,0.124979973
2025-10-30 13:50:56.950890064,6.969392558131447,0.124979973
2025-10-30 13:50:57.075769901,9.774083598640743,0.124979973
2025-10-30 13:50:57.200649977,11.116245758249097,0.124979973
2025-10-30 13:50:57.325730085,10.153837657613352,0.124979973
2025-10-30 13:50:57.450799942,7.311972420057874,0.124979973
2025-10-30 13:50:57.575779915,6.0189430320784725,0.124979973
2025-10-30 13:50:57.700759888,8.369284277249939,0.124979973
2025-10-30 13:50:57.825730085,10.704153271035917,0.124979973
2025-10-30 13:50:57.950910091,10.395054411394247,0.124979973
2025-10-30 13:50:58.075789928,8.187978114803554,0.124979973
2025-10-30 13:50:58.200570107,7.962202492320075,0.124979973
2025-10-30 13:50:58.325639963,10.626202843222925,0.124979973
2025-10-30 13:50:58.450619936,11.938910012029282,0.124979973
2025-10-30 13:50:58.575599909,10.156665422021735,0.124979973
2025-10-30 13:50:58.700469971,6.556367363284946,0.124979973
2025-10-30 13:50:58.825550079,6.557757303594042,0.124979973
2025-10-30 13:50:58.950530052,10.257844536715497,0.124979973
2025-10-30 13:50:59.075809956,12.40151926497641,0.124979973
2025-10-30 13:50:59.200979948,11.47383102931218,0.124979973
2025-10-30 13:50:59.325959921,8.349332220030954,0.124979973
2025-10-30 13:50:59.450839996,5.882751364970391,0.124979973
2025-10-30 13:50:59.575809956,6.154348789200528,0.124979973
2025-10-30 13:50:59.700690031,7.181766941349322,0.124979973
2025-10-30 13:50:59.825570107,6.960010792068501,0.124979973
2025-10-30 13:50:59.950850010,5.460387170722879,0.124979973
2025-10-30 13:51:00.075920105,3.827352825568477,0.124979973
2025-10-30 13:51:00.200599909,4.277476386597827,0.124979973
2025-10-30 13:51:00.325479984,5.984143831864338,0.124979973
2025-10-30 13:51:00.450449944,7.092277920205609,0.124979973
2025-10-30 13:51:00.575429916,6.971453338626173,0.124979973
2025-10-30 13:51:00.700510025,5.835172651232524,0.124979973
2025-10-30 13:51:00.825289965,4.450325995030814,0.124979973
2025-10-30 13:51:00.950259924,3.868187754391971,0.124979973
2025-10-30 13:51:01.075439930,4.112417671282064,0.124979973
2025-10-30 13:51:01.200419903,4.322975851443309,0.124979973
2025-10-30 13:51:01.325390100,3.9080312730011517,0.124979973
2025-10-30 13:51:01.450370073,3.2701586143514505,0.124979973
2025-10-30 13:51:01.575449944,3.1369388269604492,0.124979973
2025-10-30 13:51:01.700419903,3.443153944331999,0.124979973
2025-10-30 13:51:01.825500011,3.428607530280333,0.124979973
2025-10-30 13:51:01.950479984,3.0520762683820664,0.124979973
2025-10-30 13:51:02.075360060,2.9702003141862336,0.124979973
2025-10-30 13:51:02.200330019,3.4643894871340604,0.124979973
2025-10-30 13:51:02.325409889,3.8628852274064527,0.124979973
2025-10-30 13:51:02.450489998,3.7678408412707673,0.124979973
2025-10-30 13:51:02.575360060,3.4706351284110806,0.124979973
2025-10-30 13:51:02.700340033,3.4427209253161957,0.124979973
2025-10-30 13:51:02.825220108,3.6356339418439805,0.124979973
2025-10-30 13:51:02.950299978,3.896496473702241,0.124979973
2025-10-30 13:51:03.075269938,4.1968839585323305,0.124979973
2025-10-30 13:51:03.200350046,4.223771867255853,0.124979973
2025-10-30 13:51:03.325330019,3.7518093518546487,0.124979973
2025-10-30 13:51:03.450400114,3.4270065579248605,0.124979973
2025-10-30 13:51:03.575479984,3.8900647429270383,0.124979973
2025-10-30 13:51:03.700459957,4.570569197968235,0.124979973
2025-10-30 13:51:03.825340033,4.711902562816956,0.124979973
2025-10-30 13:51:03.950119972,4.095389879341037,0.124979973
2025-10-30 13:51:04.074889898,3.990068618206584,0.124979973
2025-10-30 13:51:04.199870110,5.290348460602004,0.124979973
2025-10-30 13:51:04.324749947,6.544707257371868,0.124979973
2025-10-30 13:51:04.449919939,6.570788559945221,0.124979973
2025-10-30 13:51:04.574800014,5.189939745061786,0.124979973
2025-10-30 13:51:04.699779987,3.2690010360877833,0.124979973
2025-10-30 13:51:04.824959993,3.131589624587647,0.124979973
2025-10-30 13:51:04.949929953,4.338936857924761,0.124979973
2025-10-30 13:51:05.075010061,4.829516743059082,0.124979973
2025-10-30 13:51:05.199990034,4.473244017095312,0.124979973
2025-10-30 13:51:05.325059891,4.059270227980763,0.124979973
2025-10-30 13:51:05.450040102,3.9713539089076417,0.124979973
2025-10-30 13:51:05.575020075,4.102035491867665,0.124979973
2025-10-30 13:51:05.699899912,4.294582929659061,0.124979973
2025-10-30 13:51:05.824670076,4.530699187652276,0.124979973
2025-10-30 13:51:05.949650049,4.5841890776060925,0.124979973
2025-10-30 13:51:06.074729919,4.101379135993038,0.124979973
2025-10-30 13:51:06.199899912,3.4585855697819596,0.124979973
2025-10-30 13:51:06.324879885,3.828327937786808,0.124979973
2025-10-30 13:51:06.449959993,5.196524663795507,0.124979973
2025-10-30 13:51:06.574939966,6.34620763256238,0.124979973
2025-10-30 13:51:06.699909925,6.6703265936907465,0.124979973
2025-10-30 13:51:06.824990034,6.170061881342357,0.124979973
2025-10-30 13:51:06.949870110,5.217502576081587,0.124979973
2025-10-30 13:51:07.074650049,4.24699483051887,0.124979973
2025-10-30 13:51:07.199719906,3.8156545804320388,0.124979973
2025-10-30 13:51:07.324700117,4.247642684291254,0.124979973
2025-10-30 13:51:07.449579954,4.944960314446113,0.124979973
2025-10-30 13:51:07.574660063,5.138712216368903,0.124979973
2025-10-30 13:51:07.699729919,4.788850548272936,0.124979973
2025-10-30 13:51:07.824409962,4.345122642750029,0.124979973
2025-10-30 13:51:07.949490070,4.249616718729349,0.124979973
2025-10-30 13:51:08.074559927,4.136335764242067,0.124979973
2025-10-30 13:51:08.199640036,3.5707191623912404,0.124979973
2025-10-30 13:51:08.324620008,3.32179674426597,0.124979973
2025-10-30 13:51:08.449599981,4.75902997352244,0.124979973
2025-10-30 13:51:08.574769974,6.8811149744723785,0.124979973
2025-10-30 13:51:08.699749947,8.209819356261805,0.124979973
2025-10-30 13:51:08.824630022,8.080239215125008,0.124979973
2025-10-30 13:51:08.949700117,6.60768862453135,0.124979973
2025-10-30 13:51:09.074680090,4.765172776787427,0.124979973
2025-10-30 13:51:09.199660063,4.275127494249147,0.124979973
2025-10-30 13:51:09.324830055,5.251904331357247,0.124979973
2025-10-30 13:51:09.449810028,6.054184172267227,0.124979973
2025-10-30 13:51:09.574790001,6.278142359991289,0.124979973
2025-10-30 13:51:09.699769974,6.05986717407197,0.124979973
2025-10-30 13:51:09.824840069,5.435206103980694,0.124979973
2025-10-30 13:51:09.950020075,4.529038904614974,0.124979973
2025-10-30 13:51:10.074899912,3.7152716983364753,0.124979973
2025-10-30 13:51:10.199870110,3.779617432833912,0.124979973
2025-10-30 13:51:10.324749947,4.549281989723544,0.124979973
2025-10-30 13:51:10.449630022,5.179320070284418,0.124979973
2025-10-30 13:51:10.574510098,5.167122063510983,0.124979973
2025-10-30 13:51:10.699579954,4.587333376393524,0.124979973
2025-10-30 13:51:10.824759960,3.976842885578207,0.124979973
2025-10-30 13:51:10.949640036,3.8858894527882546,0.124979973
2025-10-30 13:51:11.074810028,4.042491314053624,0.124979973
2025-10-30 13:51:11.199889898,4.059590046895253,0.124979973
2025-10-30 13:51:11.324670076,4.164425051069114,0.124979973
2025-10-30 13:51:11.449650049,4.556275004832567,0.124979973
2025-10-30 13:51:11.574620008,4.774770131803205,0.124979973
2025-10-30 13:51:11.699399948,4.647903794892489,0.124979973
2025-10-30 13:51:11.824480057,4.55985572580482,0.124979973
2025-10-30 13:51:11.949249983,4.8551234293190735,0.124979973
2025-10-30 13:51:12.074330091,5.325403142642348,0.124979973
2025-10-30 13:51:12.199310064,5.521175877227603,0.124979973
2025-10-30 13:51:12.324389935,5.387913261158349,0.124979973
2025-10-30 13:51:12.449160099,5.362486274634649,0.124979973
2025-10-30 13:51:12.574140072,5.659946751880888,0.124979973
2025-10-30 13:51:12.699120045,5.797082074496273,0.124979973
2025-10-30 13:51:12.824189901,5.198505745498316,0.124979973
2025-10-30 13:51:12.949170113,4.166773849284599,0.124979973
2025-10-30 13:51:13.074150085,3.9288008681264306,0.124979973
2025-10-30 13:51:13.199029922,4.809746064415979,0.124979973
2025-10-30 13:51:13.324300051,5.455622773456576,0.124979973
2025-10-30 13:51:13.448980093,5.2990471110868596,0.124979973
2025-10-30 13:51:13.574059963,4.604064156222522,0.124979973
2025-10-30 13:51:13.698930025,3.892866632608289,0.124979973
2025-10-30 13:51:13.823909998,4.359996163196247,0.124979973
2025-10-30 13:51:13.948889971,6.133040851368185,0.124979973
2025-10-30 13:51:14.073859930,7.731008878959524,0.124979973
2025-10-30 13:51:14.198940039,8.312736702588625,0.124979973
2025-10-30 13:51:14.323920012,8.252746905233371,0.124979973
2025-10-30 13:51:14.448899984,7.953519468451813,0.124979973
2025-10-30 13:51:14.573970079,7.605646789301616,0.124979973
2025-10-30 13:51:14.699049950,7.032519211742331,0.124979973
2025-10-30 13:51:14.823930025,6.368246878291075,0.124979973
2025-10-30 13:51:14.948800087,6.576800452937203,0.124979973
2025-10-30 13:51:15.073879957,7.9776844603401695,0.124979973
2025-10-30 13:51:15.198960066,9.108780003209707,0.124979973
2025-10-30 13:51:15.323940039,9.178187777560337,0.124979973
2025-10-30 13:51:15.448909998,8.690045115218215,0.124979973
2025-10-30 13:51:15.573889971,8.716314459592084,0.124979973
2025-10-30 13:51:15.698869944,9.196951930378512,0.124979973
2025-10-30 13:51:15.823640108,8.959214021859282,0.124979973
2025-10-30 13:51:15.948620081,7.91097623851532,0.124979973
2025-10-30 13:51:16.073499918,7.659688116624593,0.124979973
2025-10-30 13:51:16.198679924,9.245622895082407,0.124979973
2025-10-30 13:51:16.323750019,11.513442173102924,0.124979973
2025-10-30 13:51:16.448930025,13.523561991996079,0.124979973
2025-10-30 13:51:16.574009895,15.708320097382217,0.124979973
2025-10-30 13:51:16.698980093,18.985167884224115,0.124979973
2025-10-30 13:51:16.823760033,23.194953847000733,0.124979973
2025-10-30 13:51:16.948740005,27.144901296963155,0.124979973
2025-10-30 13:51:17.073719978,28.069668015565945,0.124979973
2025-10-30 13:51:17.198689938,23.03869631857534,0.124979973
2025-10-30 13:51:17.323669910,12.115748049452788,0.124979973
2025-10-30 13:51:17.448750019,10.12431877842371,0.124979973
2025-10-30 13:51:17.573620081,24.72016322216896,0.124979973
2025-10-30 13:51:17.698699951,35.499831341461984,0.124979973
2025-10-30 13:51:17.823679924,37.97223979446199,0.124979973
2025-10-30 13:51:17.948649883,32.579406115949595,0.124979973
2025-10-30 13:51:18.073729992,22.784482983934677,0.124979973
2025-10-30 13:51:18.198709965,13.357442228553527,0.124979973
2025-10-30 13:51:18.323790073,7.659518982252997,0.124979973
2025-10-30 13:51:18.448859930,5.655275756902399,0.124979973
2025-10-30 13:51:18.573539972,5.739604571957113,0.124979973
2025-10-30 13:51:18.698519945,6.558775769831136,0.124979973
2025-10-30 13:51:18.823390007,6.7809805072092635,0.124979973
2025-10-30 13:51:18.948369980,5.8318844066055515,0.124979973
2025-10-30 13:51:19.073349953,4.24393835526189,0.124979973
2025-10-30 13:51:19.198430061,3.3568585668973308,0.124979973
2025-10-30 13:51:19.323499918,3.7270299847556894,0.124979973
2025-10-30 13:51:19.448479891,4.192827589794982,0.124979973
2025-10-30 13:51:19.573359966,4.426024728916683,0.124979973
2025-10-30 13:51:19.698529959,4.868221868945889,0.124979973
2025-10-30 13:51:19.823309898,5.42719553678721,0.124979973
2025-10-30 13:51:19.948390007,5.41143608219685,0.124979973
2025-10-30 13:51:20.073369980,4.51418488749885,0.124979973
2025-10-30 13:51:20.198339939,3.1912917723832464,0.124979973
2025-10-30 13:51:20.323319912,3.56020330094322,0.124979973
2025-10-30 13:51:20.448299885,5.931313290745566,0.124979973
2025-10-30 13:51:20.573369980,8.279051042200066,0.124979973
2025-10-30 13:51:20.698450089,9.660032117914204,0.124979973
2025-10-30 13:51:20.823430061,9.66963779235417,0.124979973
2025-10-30 13:51:20.948509932,8.196354757843084,0.124979973
2025-10-30 13:51:21.073379993,5.5248552130226924,0.124979973
2025-10-30 13:51:21.198359966,3.4169125925174026,0.124979973
2025-10-30 13:51:21.323440075,4.742798491771603,0.124979973
2025-10-30 13:51:21.448509932,6.292703335083341,0.124979973
2025-10-30 13:51:21.573290110,6.316735186581278,0.124979973
2025-10-30 13:51:21.698070049,7.6505286947442395,0.124979973
2025-10-30 13:51:21.823050022,11.574016627200125,0.124979973
2025-10-30 13:51:21.947920084,14.271744063501101,0.124979973
2025-10-30 13:51:22.072999954,12.998718944573309,0.124979973
2025-10-30 13:51:22.197880030,8.167381001101516,0.124979973
2025-10-30 13:51:22.323149920,5.535342939164653,0.124979973
2025-10-30 13:51:22.448329926,10.266601026451259,0.124979973
2025-10-30 13:51:22.573309898,14.30831580834397,0.124979973
2025-10-30 13:51:22.698080063,15.070908230566664,0.124979973
2025-10-30 13:51:22.823260069,13.000233597288169,0.124979973
2025-10-30 13:51:22.948040009,9.891269718127498,0.124979973
2025-10-30 13:51:23.073120117,7.916869025950346,0.124979973
2025-10-30 13:51:23.198090076,7.3670875551104995,0.124979973
2025-10-30 13:51:23.323070049,6.649133258749144,0.124979973
2025-10-30 13:51:23.448050022,5.611211983817044,0.124979973
2025-10-30 13:51:23.573120117,5.348628316007291,0.124979973
2025-10-30 13:51:23.698199987,5.313548574995339,0.124979973
2025-10-30 13:51:23.823179960,4.7046192844279116,0.124979973
2025-10-30 13:51:23.948260069,5.142426020827622,0.124979973
2025-10-30 13:51:24.073230028,7.13831658993022,0.124979973
2025-10-30 13:51:24.198210001,8.462565726210226,0.124979973
2025-10-30 13:51:24.323189974,7.640607275162557,0.124979973
2025-10-30 13:51:24.448060036,5.416366335914974,0.124979973
2025-10-30 13:51:24.573040009,4.928930464773367,0.124979973
2025-10-30 13:51:24.698120117,6.934724113110845,0.124979973
2025-10-30 13:51:24.823100090,8.044230003960976,0.124979973
2025-10-30 13:51:24.947870016,7.101918978231025,0.124979973
2025-10-30 13:51:25.072849989,5.635582360437651,0.124979973
2025-10-30 13:51:25.197829962,7.827094870087304,0.124979973
2025-10-30 13:51:25.322700024,10.94134017349872,0.124979973
2025-10-30 13:51:25.447779894,11.158111060236541,0.124979973
2025-10-30 13:51:25.572860003,9.109745167408965,0.124979973
2025-10-30 13:51:25.697839975,8.936072204006187,0.124979973
2025-10-30 13:51:25.822710037,11.76361593767431,0.124979973
2025-10-30 13:51:25.947789907,13.802426073464472,0.124979973
2025-10-30 13:51:26.072770119,12.892738184413192,0.124979973
2025-10-30 13:51:26.197639942,9.593216136032796,0.124979973
2025-10-30 13:51:26.322720051,6.10441745922115,0.124979973
2025-10-30 13:51:26.447900057,4.597393335653803,0.124979973
2025-10-30 13:51:26.572870016,4.561449311520846,0.124979973
2025-10-30 13:51:26.697949886,4.348023120941286,0.124979973
2025-10-30 13:51:26.822930098,3.7590908458689847,0.124979973
2025-10-30 13:51:26.948110104,3.3952058305506316,0.124979973
2025-10-30 13:51:27.073179960,3.6887784652026743,0.124979973
2025-10-30 13:51:27.197959900,4.391682267107333,0.124979973
2025-10-30 13:51:27.322839975,4.937131148455548,0.124979973
2025-10-30 13:51:27.447809935,4.954852376669259,0.124979973
2025-10-30 13:51:27.572890043,4.58585524970948,0.124979973
2025-10-30 13:51:27.697969913,4.133139569452259,0.124979973
2025-10-30 13:51:27.822949886,3.7094517353707412,0.124979973
2025-10-30 13:51:27.948019981,3.234014715330002,0.124979973
2025-10-30 13:51:28.072900057,2.8039147557363444,0.124979973
2025-10-30 13:51:28.197779894,2.9591114213805807,0.124979973
2025-10-30 13:51:28.322949886,3.8956595123796425,0.124979973
2025-10-30 13:51:28.447829962,4.9265377106146255,0.124979973
2025-10-30 13:51:28.572609901,5.599536184019174,0.124979973
2025-10-30 13:51:28.697789907,5.911842624594975,0.124979973
2025-10-30 13:51:28.822659969,6.172805575206869,0.124979973
2025-10-30 13:51:28.947839975,6.567082680044083,0.124979973
2025-10-30 13:51:29.072819948,7.068300825056966,0.124979973
2025-10-30 13:51:29.197789907,7.791422434147567,0.124979973
2025-10-30 13:51:29.322570086,8.80753743666923,0.124979973
2025-10-30 13:51:29.447649956,9.70693214179815,0.124979973
2025-10-30 13:51:29.572530031,9.893772883730605,0.124979973
2025-10-30 13:51:29.697299957,9.163425428393902,0.124979973
2025-10-30 13:51:29.822180033,8.225591242644935,0.124979973
2025-10-30 13:51:29.947160006,7.294110611381965,0.124979973
2025-10-30 13:51:30.072129965,6.42695532289575,0.124979973
2025-10-30 13:51:30.197109938,6.545269573326373,0.124979973
2025-10-30 13:51:30.322190046,7.203333319438853,0.124979973
2025-10-30 13:51:30.447360039,7.441095614493475,0.124979973
2025-10-30 13:51:30.572340012,7.8827893766258885,0.124979973
2025-10-30 13:51:30.697319984,9.395590070341777,0.124979973
