Time,v_l2,dt_s
2025-10-31 17:27:31.501529931,6.353763677797436,0.124989987
2025-10-31 17:27:31.626620054,11.650818446872949,0.124989987
2025-10-31 17:27:31.751509905,14.498267242317029,0.124989987
2025-10-31 17:27:31.876600027,13.640165635360116,0.124989987
2025-10-31 17:27:32.001499891,9.819872523849787,0.124989987
2025-10-31 17:27:32.126490116,6.162825294850731,0.124989987
2025-10-31 17:27:32.251379966,9.158772382942049,0.124989987
2025-10-31 17:27:32.376369953,14.510384802824495,0.124989987
2025-10-31 17:27:32.501270055,17.33152826867697,0.124989987
2025-10-31 17:27:32.626359940,16.11728199792744,0.124989987
2025-10-31 17:27:32.751250029,11.680537896601766,0.124989987
2025-10-31 17:27:32.876240015,8.066538518995308,0.124989987
2025-10-31 17:27:33.001140118,10.512895593163949,0.124989987
2025-10-31 17:27:33.126230001,14.71663191630473,0.124989987
2025-10-31 17:27:33.251120090,16.27865399613159,0.124989987
2025-10-31 17:27:33.376209974,14.648990682908327,0.124989987
2025-10-31 17:27:33.501110077,11.372332762746657,0.124989987
2025-10-31 17:27:33.626199961,8.868377983147314,0.124989987
2025-10-31 17:27:33.751090050,7.865285210922358,0.124989987
2025-10-31 17:27:33.876179934,6.794751457382972,0.124989987
2025-10-31 17:27:34.001080036,5.337232853912129,0.124989987
2025-10-31 17:27:34.126169919,5.193759524743709,0.124989987
2025-10-31 17:27:34.251060008,7.1941832519820474,0.124989987
2025-10-31 17:27:34.376149893,9.339568932030536,0.124989987
2025-10-31 17:27:34.500940084,10.14519358400075,0.124989987
2025-10-31 17:27:34.626039982,9.136969733647911,0.124989987
2025-10-31 17:27:34.751029968,6.76220886023539,0.124989987
2025-10-31 17:27:34.876120090,4.006212306205076,0.124989987
2025-10-31 17:27:35.001110077,2.3848581720720836,0.124989987
2025-10-31 17:27:35.126209974,3.3366045015773143,0.124989987
2025-10-31 17:27:35.251100062,4.78369118616618,0.124989987
2025-10-31 17:27:35.376189947,5.584603294134777,0.124989987
2025-10-31 17:27:35.500979900,5.4845184987112585,0.124989987
2025-10-31 17:27:35.626080036,4.70707932121119,0.124989987
2025-10-31 17:27:35.751070023,3.790574828653564,0.124989987
2025-10-31 17:27:35.876159906,3.424968422383483,0.124989987
2025-10-31 17:27:36.001149893,3.960226632627355,0.124989987
2025-10-31 17:27:36.126250029,5.11723748450519,0.124989987
2025-10-31 17:27:36.251140118,6.633924722363451,0.124989987
2025-10-31 17:27:36.376230001,8.354014965146998,0.124989987
2025-10-31 17:27:36.501019954,10.144442142641013,0.124989987
2025-10-31 17:27:36.626110077,11.637943781258612,0.124989987
2025-10-31 17:27:36.751009941,12.087494120799231,0.124989987
2025-10-31 17:27:36.876100063,10.944252998651391,0.124989987
2025-10-31 17:27:37.000989913,8.524765792226495,0.124989987
2025-10-31 17:27:37.126080036,6.80395718932762,0.124989987
2025-10-31 17:27:37.251080036,7.100581545963752,0.124989987
2025-10-31 17:27:37.376169920,7.716822375240407,0.124989987
2025-10-31 17:27:37.501060009,7.401216968949363,0.124989987
2025-10-31 17:27:37.626149893,7.31437314968747,0.124989987
2025-10-31 17:27:37.751049995,8.050995403966084,0.124989987
2025-10-31 17:27:37.876140118,8.903486055206747,0.124989987
2025-10-31 17:27:38.001029968,10.144550392441598,0.124989987
2025-10-31 17:27:38.126120089,12.162321203755598,0.124989987
2025-10-31 17:27:38.251019955,13.93922373912102,0.124989987
2025-10-31 17:27:38.376110077,13.724143097143003,0.124989987
2025-10-31 17:27:38.500900030,11.029600808191837,0.124989987
2025-10-31 17:27:38.625989914,7.051996248988228,0.124989987
2025-10-31 17:27:38.750790119,5.746627079987704,0.124989987
2025-10-31 17:27:38.875880003,8.466982693117954,0.124989987
2025-10-31 17:27:39.000669956,10.561579441557264,0.124989987
2025-10-31 17:27:39.125760078,10.77353644966257,0.124989987
2025-10-31 17:27:39.250560045,10.20527245023473,0.124989987
2025-10-31 17:27:39.375750065,10.748104500794176,0.124989987
2025-10-31 17:27:39.500540018,12.38453196082145,0.124989987
2025-10-31 17:27:39.625730038,13.647346749084821,0.124989987
2025-10-31 17:27:39.750619888,13.232873825006191,0.124989987
2025-10-31 17:27:39.875720024,11.068811382178216,0.124989987
2025-10-31 17:27:40.000509977,8.056809010338771,0.124989987
2025-10-31 17:27:40.125799894,6.639286028480319,0.124989987
2025-10-31 17:27:40.250590086,8.696936945189785,0.124989987
2025-10-31 17:27:40.375689983,11.325170056888021,0.124989987
2025-10-31 17:27:40.500580072,12.159213271512222,0.124989987
2025-10-31 17:27:40.625770092,11.258525381923338,0.124989987
2025-10-31 17:27:40.750659943,9.664709249185098,0.124989987
2025-10-31 17:27:40.875760078,8.538804120367324,0.124989987
2025-10-31 17:27:41.000750065,8.001096822177383,0.124989987
2025-10-31 17:27:41.125839949,7.434134563324907,0.124989987
2025-10-31 17:27:41.250629902,7.120709016530446,0.124989987
2025-10-31 17:27:41.375829935,7.213319559008666,0.124989987
2025-10-31 17:27:41.500619888,6.5558197132477645,0.124989987
2025-10-31 17:27:41.625610113,4.779849462550363,0.124989987
2025-10-31 17:27:41.750499964,4.065281189424048,0.124989987
2025-10-31 17:27:41.875689983,5.344693923452213,0.124989987
2025-10-31 17:27:42.000489949,6.296230170704926,0.124989987
2025-10-31 17:27:42.125780106,6.1893075432036015,0.124989987
2025-10-31 17:27:42.250469922,5.8949628065804625,0.124989987
2025-10-31 17:27:42.375659943,6.395671906489497,0.124989987
2025-10-31 17:27:42.500560044,7.827549180642175,0.124989987
2025-10-31 17:27:42.625649929,10.201166960280867,0.124989987
2025-10-31 17:27:42.750439882,12.470477297315849,0.124989987
2025-10-31 17:27:42.875530005,12.835651670694904,0.124989987
2025-10-31 17:27:43.000430107,10.48661884842732,0.124989987
2025-10-31 17:27:43.125619888,6.726536647065039,0.124989987
2025-10-31 17:27:43.250509977,6.603706930596253,0.124989987
2025-10-31 17:27:43.375499964,10.261249350179297,0.124989987
2025-10-31 17:27:43.500400066,12.913660923714582,0.124989987
2025-10-31 17:27:43.625890017,13.309575680298117,0.124989987
2025-10-31 17:27:43.750580072,11.704894611659006,0.124989987
2025-10-31 17:27:43.875669956,9.15378754003063,0.124989987
2025-10-31 17:27:44.000560045,6.591817824235057,0.124989987
2025-10-31 17:27:44.125760078,4.720000113936228,0.124989987
2025-10-31 17:27:44.250449896,4.379798660372985,0.124989987
2025-10-31 17:27:44.375639915,5.689323846812203,0.124989987
2025-10-31 17:27:44.500730038,7.524170870428183,0.124989987
2025-10-31 17:27:44.625829935,8.849096718790118,0.124989987
2025-10-31 17:27:44.750519991,9.120456147050103,0.124989987
2025-10-31 17:27:44.875610113,8.282283621028443,0.124989987
2025-10-31 17:27:45.000299931,7.002897560120097,0.124989987
2025-10-31 17:27:45.125400066,6.812721413044864,0.124989987
2025-10-31 17:27:45.250289916,7.850208251802814,0.124989987
2025-10-31 17:27:45.375380039,8.539492013455076,0.124989987
2025-10-31 17:27:45.500469923,7.998272782567995,0.124989987
2025-10-31 17:27:45.625469923,6.778930656881143,0.124989987
2025-10-31 17:27:45.750360012,6.735260833730495,0.124989987
2025-10-31 17:27:45.875349998,8.106055899672667,0.124989987
2025-10-31 17:27:46.000240088,8.851819650310663,0.124989987
2025-10-31 17:27:46.125339984,8.086334907495669,0.124989987
2025-10-31 17:27:46.250230074,6.892625179549297,0.124989987
2025-10-31 17:27:46.375420094,8.204061298319573,0.124989987
2025-10-31 17:27:46.500109911,11.332920061313718,0.124989987
2025-10-31 17:27:46.625299931,13.391620187799461,0.124989987
2025-10-31 17:27:46.750200033,12.940938741871665,0.124989987
2025-10-31 17:27:46.875289917,10.463946163411249,0.124989987
2025-10-31 17:27:47.000180006,7.27464496182446,0.124989987
2025-10-31 17:27:47.125269890,4.7479930431781385,0.124989987
2025-10-31 17:27:47.250169992,4.42853425240011,0.124989987
2025-10-31 17:27:47.375260115,6.01645066022036,0.124989987
2025-10-31 17:27:47.500050067,7.99363643735234,0.124989987
2025-10-31 17:27:47.625139952,9.427201257665022,0.124989987
2025-10-31 17:27:47.750040054,9.471711958917142,0.124989987
2025-10-31 17:27:47.875129938,8.183064409128773,0.124989987
2025-10-31 17:27:48.000020027,7.1647293320582595,0.124989987
2025-10-31 17:27:48.125309944,8.078746015229777,0.124989987
2025-10-31 17:27:48.250109911,9.908223025993006,0.124989987
2025-10-31 17:27:48.375099897,10.896302354620397,0.124989987
2025-10-31 17:27:48.499989986,10.387910175690921,0.124989987
2025-10-31 17:27:48.625180006,8.616877658954781,0.124989987
2025-10-31 17:27:48.750269890,6.9490216078730835,0.124989987
2025-10-31 17:27:48.875469923,7.613295782683672,0.124989987
2025-10-31 17:27:49.000459909,9.781854046452953,0.124989987
2025-10-31 17:27:49.125550032,11.015139930715314,0.124989987
2025-10-31 17:27:49.250240088,10.141139963030094,0.124989987
2025-10-31 17:27:49.375540018,7.797423625505285,0.124989987
2025-10-31 17:27:49.500230073,7.035454298141734,0.124989987
2025-10-31 17:27:49.625319958,10.177604803910691,0.124989987
2025-10-31 17:27:49.750010014,13.944143501913807,0.124989987
2025-10-31 17:27:49.875109911,16.00508359097837,0.124989987
2025-10-31 17:27:49.999900103,15.697264550978206,0.124989987
2025-10-31 17:27:50.125089884,13.611552590692177,0.124989987
2025-10-31 17:27:50.249979973,11.478812602667185,0.124989987
2025-10-31 17:27:50.375080109,10.294658543015986,0.124989987
2025-10-31 17:27:50.499969959,9.677781329427006,0.124989987
2025-10-31 17:27:50.624759912,8.830729030127923,0.124989987
2025-10-31 17:27:50.749850035,7.828060940559229,0.124989987
2025-10-31 17:27:50.874949932,9.301499662191091,0.124989987
2025-10-31 17:27:51.000040054,14.144827670165336,0.124989987
2025-10-31 17:27:51.125030041,19.49474959393554,0.124989987
2025-10-31 17:27:51.249919891,22.98181130388262,0.124989987
2025-10-31 17:27:51.374910116,23.856652671690117,0.124989987
2025-10-31 17:27:51.499809980,22.43557670809901,0.124989987
2025-10-31 17:27:51.624900103,19.18058233387678,0.124989987
2025-10-31 17:27:51.749789953,16.17179398825378,0.124989987
2025-10-31 17:27:51.874880075,17.559380207273886,0.124989987
2025-10-31 17:27:51.999880075,22.690279484338795,0.124989987
2025-10-31 17:27:52.124870062,26.952390206074206,0.124989987
2025-10-31 17:27:52.249759912,27.344477028615763,0.124989987
2025-10-31 17:27:52.374850035,22.726460801756286,0.124989987
2025-10-31 17:27:52.499749899,15.028369470555413,0.124989987
2025-10-31 17:27:52.624840021,11.44131660698536,0.124989987
2025-10-31 17:27:52.749730110,15.894498639203944,0.124989987
2025-10-31 17:27:52.874819994,20.15944680622293,0.124989987
2025-10-31 17:27:52.999819994,19.869576073028007,0.124989987
2025-10-31 17:27:53.124809980,15.47751891174351,0.124989987
2025-10-31 17:27:53.249700069,12.0986877369847,0.124989987
2025-10-31 17:27:53.374890089,14.40148909578277,0.124989987
2025-10-31 17:27:53.499690056,16.69539565276418,0.124989987
2025-10-31 17:27:53.624779940,16.121899790813085,0.124989987
2025-10-31 17:27:53.749670029,17.087838365465746,0.124989987
2025-10-31 17:27:53.874759912,22.522229563164082,0.124989987
2025-10-31 17:27:53.999650002,27.227739374573805,0.124989987
2025-10-31 17:27:54.124650002,27.03448965072883,0.124989987
2025-10-31 17:27:54.249540091,22.42302254517196,0.124989987
2025-10-31 17:27:54.374730110,18.01473181915268,0.124989987
2025-10-31 17:27:54.499619961,21.21247828472383,0.124989987
2025-10-31 17:27:54.624619961,27.369509758362625,0.124989987
2025-10-31 17:27:54.749510050,28.93734210844353,0.124989987
2025-10-31 17:27:54.874599934,24.284059137847443,0.124989987
2025-10-31 17:27:54.999490023,16.083724223808396,0.124989987
2025-10-31 17:27:55.124589920,8.693856061087338,0.124989987
2025-10-31 17:27:55.249480009,7.544662388255622,0.124989987
2025-10-31 17:27:55.374670029,10.370106132988608,0.124989987
2025-10-31 17:27:55.499560118,13.059276693754711,0.124989987
2025-10-31 17:27:55.624660015,14.746364968607924,0.124989987
2025-10-31 17:27:55.749550104,14.916451535470392,0.124989987
2025-10-31 17:27:55.874540091,13.639118520463773,0.124989987
2025-10-31 17:27:55.999429941,12.56011717826267,0.124989987
2025-10-31 17:27:56.124629974,12.837726883691248,0.124989987
2025-10-31 17:27:56.249520063,12.92038928899652,0.124989987
2025-10-31 17:27:56.374510050,11.320913633991207,0.124989987
2025-10-31 17:27:56.499399900,8.687093736039918,0.124989987
2025-10-31 17:27:56.624490023,7.247749030752514,0.124989987
2025-10-31 17:27:56.749389887,7.655699547365674,0.124989987
2025-10-31 17:27:56.874480009,8.227973527642758,0.124989987
2025-10-31 17:27:56.999370098,8.966729174307542,0.124989987
2025-10-31 17:27:57.124459982,11.171173789867385,0.124989987
2025-10-31 17:27:57.249360085,14.100344046728821,0.124989987
2025-10-31 17:27:57.374449968,15.505119761862664,0.124989987
2025-10-31 17:27:57.499340057,13.870045273459635,0.124989987
2025-10-31 17:27:57.624429941,10.183983848045765,0.124989987
2025-10-31 17:27:57.749330044,9.097702817379341,0.124989987
2025-10-31 17:27:57.874419928,12.210007357399178,0.124989987
2025-10-31 17:27:57.999310017,14.029180525333757,0.124989987
2025-10-31 17:27:58.124399900,12.63491150878078,0.124989987
2025-10-31 17:27:58.249300003,9.046445696518992,0.124989987
2025-10-31 17:27:58.374589920,6.295534281104662,0.124989987
2025-10-31 17:27:58.499380112,7.2789610617415725,0.124989987
2025-10-31 17:27:58.624370098,9.18190797759992,0.124989987
2025-10-31 17:27:58.749269962,10.07436201393031,0.124989987
2025-10-31 17:27:58.874459982,9.977567969115418,0.124989987
2025-10-31 17:27:58.999350071,9.201077830945025,0.124989987
2025-10-31 17:27:59.124439955,8.017745451296767,0.124989987
2025-10-31 17:27:59.249330044,7.081100616712279,0.124989987
2025-10-31 17:27:59.374530077,7.4809221908645736,0.124989987
2025-10-31 17:27:59.499419928,8.0842880840108,0.124989987
2025-10-31 17:27:59.624409914,6.8622340263882,0.124989987
2025-10-31 17:27:59.749300003,4.352302050000666,0.124989987
2025-10-31 17:27:59.874300003,5.679811987380392,0.124989987
2025-10-31 17:27:59.999190092,7.954199816268383,0.124989987
2025-10-31 17:28:00.124279976,7.203157771575047,0.124989987
2025-10-31 17:28:00.249269962,6.2649161288512065,0.124989987
2025-10-31 17:28:00.374269962,9.75035408682162,0.124989987
2025-10-31 17:28:00.499160051,13.729589987000338,0.124989987
2025-10-31 17:28:00.624249935,15.076688618988554,0.124989987
2025-10-31 17:28:00.749140024,14.295661877416764,0.124989987
2025-10-31 17:28:00.874239922,13.33905520442224,0.124989987
2025-10-31 17:28:00.999130011,13.188680787803603,0.124989987
2025-10-31 17:28:01.124219894,13.793128018805488,0.124989987
2025-10-31 17:28:01.249109983,14.579734473941043,0.124989987
2025-10-31 17:28:01.374200106,14.437617024853688,0.124989987
2025-10-31 17:28:01.499099970,12.264470021559921,0.124989987
2025-10-31 17:28:01.624190092,8.581875823374048,0.124989987
2025-10-31 17:28:01.749079943,6.86350873024199,0.124989987
2025-10-31 17:28:01.874170065,7.80851454189438,0.124989987
2025-10-31 17:28:01.999069929,7.6960992738142355,0.124989987
2025-10-31 17:28:02.124160051,7.051939926205553,0.124989987
2025-10-31 17:28:02.249049902,7.515132463864092,0.124989987
2025-10-31 17:28:02.374140024,8.930156020416888,0.124989987
2025-10-31 17:28:02.499039888,10.714412668930063,0.124989987
2025-10-31 17:28:02.624130011,12.803097383922534,0.124989987
2025-10-31 17:28:02.749119997,14.65702484720146,0.124989987
2025-10-31 17:28:02.874109983,15.241337936241814,0.124989987
2025-10-31 17:28:02.999010086,13.737405429533014,0.124989987
2025-10-31 17:28:03.124099970,10.258564658689826,0.124989987
2025-10-31 17:28:03.248990059,8.249179220678625,0.124989987
2025-10-31 17:28:03.374079943,11.17931732964102,0.124989987
2025-10-31 17:28:03.498980045,14.749001889870073,0.124989987
2025-10-31 17:28:03.624069929,16.36401113943516,0.124989987
2025-10-31 17:28:03.748960018,16.136875075454018,0.124989987
2025-10-31 17:28:03.874049902,15.069241013629785,0.124989987
2025-10-31 17:28:03.998939991,13.62163567709418,0.124989987
2025-10-31 17:28:04.124039888,11.885588922421723,0.124989987
2025-10-31 17:28:04.248929977,9.874453233101617,0.124989987
2025-10-31 17:28:04.374020100,7.7546096049102315,0.124989987
2025-10-31 17:28:04.498909950,5.918205112206065,0.124989987
2025-10-31 17:28:04.624010086,5.616917583877655,0.124989987
2025-10-31 17:28:04.749000072,6.488114352690002,0.124989987
2025-10-31 17:28:04.874089956,6.764221162005054,0.124989987
2025-10-31 17:28:04.998980045,6.217881128691508,0.124989987
2025-10-31 17:28:05.124079943,5.608172955039546,0.124989987
2025-10-31 17:28:05.248970032,6.683686545767089,0.124989987
2025-10-31 17:28:05.374059916,11.07875879842846,0.124989987
2025-10-31 17:28:05.498950005,17.666732447903406,0.124989987
2025-10-31 17:28:05.623950005,23.37217994118003,0.124989987
2025-10-31 17:28:05.748840094,25.37993410847136,0.124989987
2025-10-31 17:28:05.873830080,22.88664107378158,0.124989987
2025-10-31 17:28:05.998719931,18.28396277510674,0.124989987
2025-10-31 17:28:06.123810053,17.38991511067196,0.124989987
2025-10-31 17:28:06.248709917,20.024329802524928,0.124989987
2025-10-31 17:28:06.373800039,20.769853670671154,0.124989987
2025-10-31 17:28:06.498689890,19.274535253709544,0.124989987
2025-10-31 17:28:06.623780012,18.404617279975426,0.124989987
2025-10-31 17:28:06.748680115,18.359990322510765,0.124989987
2025-10-31 17:28:06.873769999,17.31855336539057,0.124989987
2025-10-31 17:28:06.998759985,14.855881350257311,0.124989987
2025-10-31 17:28:07.123749971,11.478151933800708,0.124989987
2025-10-31 17:28:07.248650074,8.858666144303326,0.124989987
2025-10-31 17:28:07.373739958,11.101432361099086,0.124989987
2025-10-31 17:28:07.498630047,15.278917475322622,0.124989987
2025-10-31 17:28:07.623719931,17.197269807660543,0.124989987
2025-10-31 17:28:07.748519897,15.729796282598578,0.124989987
2025-10-31 17:28:07.873709917,12.162304661575535,0.124989987
2025-10-31 17:28:07.998600006,10.24726759302986,0.124989987
2025-10-31 17:28:08.123689890,12.59270680914473,0.124989987
2025-10-31 17:28:08.248589993,15.978916366903077,0.124989987
2025-10-31 17:28:08.373680115,17.18879753222345,0.124989987
2025-10-31 17:28:08.498569965,14.9371487997491,0.124989987
2025-10-31 17:28:08.623660088,10.14649192984516,0.124989987
2025-10-31 17:28:08.748549938,7.681859881972011,0.124989987
2025-10-31 17:28:08.873650074,10.656746601036826,0.124989987
2025-10-31 17:28:08.998539925,13.260960535975327,0.124989987
2025-10-31 17:28:09.123630047,12.990118047987746,0.124989987
2025-10-31 17:28:09.248519897,10.681071358931742,0.124989987
2025-10-31 17:28:09.373620033,8.347340018070607,0.124989987
2025-10-31 17:28:09.498509884,7.47714482398589,0.124989987
2025-10-31 17:28:09.623600006,7.574070357087002,0.124989987
2025-10-31 17:28:09.748490095,7.704369233140374,0.124989987
2025-10-31 17:28:09.873589993,7.521578568943158,0.124989987
2025-10-31 17:28:09.998480082,6.902929758883108,0.124989987
2025-10-31 17:28:10.123569965,6.675422697396921,0.124989987
2025-10-31 17:28:10.248460054,7.737603455747718,0.124989987
2025-10-31 17:28:10.373559952,9.08530274004576,0.124989987
2025-10-31 17:28:10.498450041,9.449849324833437,0.124989987
2025-10-31 17:28:10.623539925,8.592754953382993,0.124989987
2025-10-31 17:28:10.748529911,7.279521479107814,0.124989987
2025-10-31 17:28:10.873620033,6.546609537116599,0.124989987
2025-10-31 17:28:10.998519897,6.269607876799234,0.124989987
2025-10-31 17:28:11.123610020,5.869473122301099,0.124989987
2025-10-31 17:28:11.248500109,5.868941680751394,0.124989987
2025-10-31 17:28:11.373589993,6.850466288772246,0.124989987
2025-10-31 17:28:11.498490095,8.053562883459842,0.124989987
2025-10-31 17:28:11.623379946,8.490706734895983,0.124989987
2025-10-31 17:28:11.748270035,8.00567081233178,0.124989987
2025-10-31 17:28:11.873460054,7.065304886448496,0.124989987
2025-10-31 17:28:11.998359919,6.349436117309316,0.124989987
2025-10-31 17:28:12.123549938,6.076772739518321,0.124989987
2025-10-31 17:28:12.248440027,6.181517432802969,0.124989987
2025-10-31 17:28:12.373430014,6.424271743969349,0.124989987
2025-10-31 17:28:12.498330116,6.950668421384956,0.124989987
2025-10-31 17:28:12.623320103,7.47394958689139,0.124989987
2025-10-31 17:28:12.748209953,7.382687362426505,0.124989987
2025-10-31 17:28:12.873300076,6.7285184615680445,0.124989987
2025-10-31 17:28:12.998199940,6.243626295818481,0.124989987
2025-10-31 17:28:13.123290062,6.555623159375088,0.124989987
2025-10-31 17:28:13.248179913,7.331897325462897,0.124989987
2025-10-31 17:28:13.373169899,8.005924763681895,0.124989987
2025-10-31 17:28:13.498070002,8.230634343926111,0.124989987
2025-10-31 17:28:13.623059988,7.726598928422001,0.124989987
2025-10-31 17:28:13.748049974,6.653232591171603,0.124989987
2025-10-31 17:28:13.873039961,6.618188439992699,0.124989987
2025-10-31 17:28:13.997930050,9.699950857671395,0.124989987
2025-10-31 17:28:14.123029947,15.24678153024172,0.124989987
2025-10-31 17:28:14.248019934,21.510926757375028,0.124989987
2025-10-31 17:28:14.373110056,26.90421413747668,0.124989987
2025-10-31 17:28:14.497999907,29.56255419467203,0.124989987
2025-10-31 17:28:14.622999907,27.87754313408421,0.124989987
2025-10-31 17:28:14.747889996,21.73934777606224,0.124989987
2025-10-31 17:28:14.872980118,14.167885592559148,0.124989987
2025-10-31 17:28:14.997970104,12.230543492008152,0.124989987
2025-10-31 17:28:15.122970104,13.451377270924,0.124989987
2025-10-31 17:28:15.247859955,12.131620198959745,0.124989987
2025-10-31 17:28:15.372950077,17.175364776330486,0.124989987
2025-10-31 17:28:15.498039961,26.821092679930576,0.124989987
2025-10-31 17:28:15.623039961,30.300733319503568,0.124989987
2025-10-31 17:28:15.748029947,23.86793581890164,0.124989987
2025-10-31 17:28:15.873019934,16.350168965325654,0.124989987
2025-10-31 17:28:15.997910023,26.528503987218272,0.124989987
2025-10-31 17:28:16.122999907,39.6218395187856,0.124989987
2025-10-31 17:28:16.247800112,43.78082945202029,0.124989987
2025-10-31 17:28:16.372889996,38.54585342706756,0.124989987
2025-10-31 17:28:16.497879982,29.51853182246322,0.124989987
2025-10-31 17:28:16.623070002,22.867952989449712,0.124989987
2025-10-31 17:28:16.747869968,17.93305754323049,0.124989987
2025-10-31 17:28:16.872960091,11.329658374821369,0.124989987
2025-10-31 17:28:16.997950077,6.822464458142967,0.124989987
2025-10-31 17:28:17.123039961,11.778698452222216,0.124989987
2025-10-31 17:28:17.247940063,16.863068024124942,0.124989987
2025-10-31 17:28:17.373029947,18.105619134982955,0.124989987
2025-10-31 17:28:17.497819901,15.854745377025388,0.124989987
2025-10-31 17:28:17.622910023,11.799573406784162,0.124989987
2025-10-31 17:28:17.747910023,7.738640734841035,0.124989987
2025-10-31 17:28:17.872999907,6.233632687965421,0.124989987
2025-10-31 17:28:17.997790098,8.846650301172755,0.124989987
2025-10-31 17:28:18.122980118,12.130811118988253,0.124989987
2025-10-31 17:28:18.247780085,13.762945744863345,0.124989987
2025-10-31 17:28:18.372869968,13.628265960204512,0.124989987
2025-10-31 17:28:18.497859955,12.273800025000527,0.124989987
2025-10-31 17:28:18.622849941,10.847798066437678,0.124989987
2025-10-31 17:28:18.747740030,10.630826685416004,0.124989987
2025-10-31 17:28:18.872839928,11.500808996638192,0.124989987
2025-10-31 17:28:18.997829914,11.882991684359922,0.124989987
2025-10-31 17:28:19.122920036,10.838066887308317,0.124989987
2025-10-31 17:28:19.247910023,10.160446642798288,0.124989987
2025-10-31 17:28:19.373009920,11.729404555366655,0.124989987
2025-10-31 17:28:19.497900009,15.6412624884983,0.124989987
2025-10-31 17:28:19.622989893,20.094851129846422,0.124989987
2025-10-31 17:28:19.747879982,23.433699554070973,0.124989987
2025-10-31 17:28:19.872879982,23.247485473337328,0.124989987
2025-10-31 17:28:19.997770071,18.59922221896254,0.124989987
2025-10-31 17:28:20.122859955,12.204818548311852,0.124989987
2025-10-31 17:28:20.248049974,13.058556824526626,0.124989987
2025-10-31 17:28:20.373049974,19.53802423279898,0.124989987
2025-10-31 17:28:20.497940063,23.552610759652993,0.124989987
2025-10-31 17:28:20.622930050,22.826431045396404,0.124989987
2025-10-31 17:28:20.747819901,18.024096849360802,0.124989987
2025-10-31 17:28:20.872809887,11.436407436523938,0.124989987
2025-10-31 17:28:20.997709990,9.75940564559697,0.124989987
2025-10-31 17:28:21.122800112,14.51097791230057,0.124989987
2025-10-31 17:28:21.247590065,16.996075173745556,0.124989987
2025-10-31 17:28:21.372580051,13.880242558695794,0.124989987
2025-10-31 17:28:21.497479916,6.909222738285475,0.124989987
2025-10-31 17:28:21.622570038,8.226872848167645,0.124989987
2025-10-31 17:28:21.747560024,15.674544479976225,0.124989987
2025-10-31 17:28:21.872550011,19.13703379025937,0.124989987
2025-10-31 17:28:21.997450113,17.2230721709153,0.124989987
2025-10-31 17:28:22.122539997,11.924331437794278,0.124989987
2025-10-31 17:28:22.247529984,8.473439820030706,0.124989987
2025-10-31 17:28:22.372420073,9.815256233857575,0.124989987
2025-10-31 17:28:22.497420073,10.460348875594448,0.124989987
2025-10-31 17:28:22.622509956,8.229529310488902,0.124989987
2025-10-31 17:28:22.747499943,5.771931950340631,0.124989987
2025-10-31 17:28:22.872590065,7.992905425140097,0.124989987
2025-10-31 17:28:22.997590065,11.330891552507815,0.124989987
2025-10-31 17:28:23.122580051,11.800533841529205,0.124989987
2025-10-31 17:28:23.247570038,9.822019302432825,0.124989987
2025-10-31 17:28:23.372560024,10.65153326132515,0.124989987
2025-10-31 17:28:23.497550011,16.07225688347558,0.124989987
2025-10-31 17:28:23.622649908,20.171464661427514,0.124989987
2025-10-31 17:28:23.747639894,19.510143490286676,0.124989987
2025-10-31 17:28:23.872529984,14.462727639627154,0.124989987
2025-10-31 17:28:23.997519970,8.72602113424039,0.124989987
2025-10-31 17:28:24.122519970,8.893863422382365,0.124989987
2025-10-31 17:28:24.247509956,12.766713355569365,0.124989987
2025-10-31 17:28:24.372499943,15.001283576831746,0.124989987
2025-10-31 17:28:24.497590065,15.315256888537913,0.124989987
2025-10-31 17:28:24.622590065,15.248562026805613,0.124989987
2025-10-31 17:28:24.747580051,15.55949784755141,0.124989987
2025-10-31 17:28:24.872570038,14.859632450806041,0.124989987
2025-10-31 17:28:24.997560024,12.346780499904662,0.124989987
2025-10-31 17:28:25.122459888,10.662968484245416,0.124989987
2025-10-31 17:28:25.247349977,11.227721561273597,0.124989987
2025-10-31 17:28:25.372339964,10.820968408823445,0.124989987
2025-10-31 17:28:25.497230053,7.597023474004671,0.124989987
2025-10-31 17:28:25.622230053,4.984858921613932,0.124989987
2025-10-31 17:28:25.747220039,8.781604520362496,0.124989987
2025-10-31 17:28:25.872210026,12.404097205327682,0.124989987
2025-10-31 17:28:25.997200012,13.08359810411597,0.124989987
2025-10-31 17:28:26.122189999,11.356253598917865,0.124989987
2025-10-31 17:28:26.247289896,9.378726377312168,0.124989987
2025-10-31 17:28:26.372279882,8.241029907475522,0.124989987
2025-10-31 17:28:26.497270107,7.404215559852914,0.124989987
2025-10-31 17:28:26.622260094,7.168066464160542,0.124989987
2025-10-31 17:28:26.747159958,7.676890859717297,0.124989987
2025-10-31 17:28:26.872149944,7.967181644580596,0.124989987
2025-10-31 17:28:26.997240067,7.432324884329331,0.124989987
2025-10-31 17:28:27.122230053,6.016600362873291,0.124989987
2025-10-31 17:28:27.247230053,5.029989289958676,0.124989987
2025-10-31 17:28:27.372220039,6.554151066616944,0.124989987
2025-10-31 17:28:27.497309923,8.28440605898751,0.124989987
2025-10-31 17:28:27.622400045,7.936190979052798,0.124989987
2025-10-31 17:28:27.747299910,6.221808493102227,0.124989987
2025-10-31 17:28:27.872289896,6.567372300993982,0.124989987
2025-10-31 17:28:27.997279882,8.90758479178986,0.124989987
2025-10-31 17:28:28.122370005,10.519611014730723,0.124989987
2025-10-31 17:28:28.247159958,10.174166383895685,0.124989987
2025-10-31 17:28:28.372260094,8.422300740191844,0.124989987
2025-10-31 17:28:28.497250080,6.9663124210640275,0.124989987
2025-10-31 17:28:28.622240067,7.232908661384159,0.124989987
2025-10-31 17:28:28.747329950,8.204398809779729,0.124989987
2025-10-31 17:28:28.872329950,8.3750344118976,0.124989987
2025-10-31 17:28:28.997319937,7.406118684177294,0.124989987
2025-10-31 17:28:29.122309923,6.2583561495697895,0.124989987
2025-10-31 17:28:29.247299910,6.226447294981625,0.124989987
2025-10-31 17:28:29.372299910,6.811600237947249,0.124989987
2025-10-31 17:28:29.497289896,6.815868038240617,0.124989987
2025-10-31 17:28:29.622279882,6.817138990447972,0.124989987
2025-10-31 17:28:29.747270107,8.443703165266175,0.124989987
2025-10-31 17:28:29.872169971,11.203855670311405,0.124989987
2025-10-31 17:28:29.997159958,13.541511577823652,0.124989987
2025-10-31 17:28:30.122050047,14.555299942794688,0.124989987
2025-10-31 17:28:30.247040033,14.236511631608494,0.124989987
2025-10-31 17:28:30.372139931,12.921312889477603,0.124989987
2025-10-31 17:28:30.497129917,11.150759800560499,0.124989987
2025-10-31 17:28:30.622020006,9.680922519863023,0.124989987
2025-10-31 17:28:30.747009993,9.128288057021258,0.124989987
2025-10-31 17:28:30.871799946,8.848774012739112,0.124989987
2025-10-31 17:28:30.996799946,7.319560599865336,0.124989987
2025-10-31 17:28:31.121789932,6.983521725101097,0.124989987
2025-10-31 17:28:31.246779919,11.275202952739965,0.124989987
2025-10-31 17:28:31.371870041,16.16507114014853,0.124989987
2025-10-31 17:28:31.496870041,17.492154073245644,0.124989987
2025-10-31 17:28:31.621860027,13.890472094477316,0.124989987
2025-10-31 17:28:31.746850014,7.659383298896068,0.124989987
2025-10-31 17:28:31.871740103,6.668312048222849,0.124989987
2025-10-31 17:28:31.996740103,10.312927298703407,0.124989987
2025-10-31 17:28:32.121829987,11.946126766363939,0.124989987
2025-10-31 17:28:32.246819973,10.935178115465702,0.124989987
2025-10-31 17:28:32.371809959,8.632536907000572,0.124989987
2025-10-31 17:28:32.496809959,7.303809636226563,0.124989987
2025-10-31 17:28:32.621900082,8.101524172199204,0.124989987
2025-10-31 17:28:32.746890068,9.526195592657595,0.124989987
2025-10-31 17:28:32.871779919,10.1044705049522,0.124989987
2025-10-31 17:28:32.996779919,9.456809053795949,0.124989987
2025-10-31 17:28:33.121670008,8.734892954327087,0.124989987
2025-10-31 17:28:33.246659994,9.108768047372433,0.124989987
2025-10-31 17:28:33.371750116,10.238135312932284,0.124989987
2025-10-31 17:28:33.496840000,11.160133184070656,0.124989987
2025-10-31 17:28:33.621740103,10.872681665235675,0.124989987
2025-10-31 17:28:33.746730089,9.449218252565233,0.124989987
2025-10-31 17:28:33.871720076,9.97535739093843,0.124989987
2025-10-31 17:28:33.996710062,13.528856436546848,0.124989987
2025-10-31 17:28:34.121710062,16.232005011672616,0.124989987
2025-10-31 17:28:34.246700048,15.859381396545892,0.124989987
2025-10-31 17:28:34.371690035,13.343015250086992,0.124989987
2025-10-31 17:28:34.496680021,11.163570973769863,0.124989987
2025-10-31 17:28:34.621680021,10.102969120797907,0.124989987
2025-10-31 17:28:34.746670008,8.741269779574761,0.124989987
2025-10-31 17:28:34.871659994,6.622505482871946,0.124989987
2025-10-31 17:28:34.996649981,5.50507697659288,0.124989987
2025-10-31 17:28:35.121649981,6.13881248321929,0.124989987
2025-10-31 17:28:35.246740103,6.49026992016996,0.124989987
2025-10-31 17:28:35.371730089,5.439637331067301,0.124989987
2025-10-31 17:28:35.496720076,4.866757821585538,0.124989987
2025-10-31 17:28:35.621809959,6.885164474345185,0.124989987
2025-10-31 17:28:35.746710062,9.670762126477365,0.124989987
2025-10-31 17:28:35.871700048,11.770757842351102,0.124989987
2025-10-31 17:28:35.996690035,12.610672868015925,0.124989987
2025-10-31 17:28:36.121680021,12.575818975829366,0.124989987
2025-10-31 17:28:36.246579885,12.037374923844029,0.124989987
2025-10-31 17:28:36.371570110,10.586971031082918,0.124989987
2025-10-31 17:28:36.496459961,8.218717469833356,0.124989987
2025-10-31 17:28:36.621449947,7.741887948217023,0.124989987
2025-10-31 17:28:36.746449947,9.728245139820901,0.124989987
2025-10-31 17:28:36.871540070,10.846770364051967,0.124989987
2025-10-31 17:28:36.996629953,13.021738274330657,0.124989987
2025-10-31 17:28:37.121619940,18.979650206342267,0.124989987
2025-10-31 17:28:37.246619940,24.536422793003485,0.124989987
2025-10-31 17:28:37.371710062,24.83469601732647,0.124989987
2025-10-31 17:28:37.496599913,18.504945998277783,0.124989987
2025-10-31 17:28:37.621589899,9.9012678679507,0.124989987
2025-10-31 17:28:37.746390104,13.388795413820727,0.124989987
2025-10-31 17:28:37.871380091,22.14697244699941,0.124989987
2025-10-31 17:28:37.996370077,26.187230181851728,0.124989987
2025-10-31 17:28:38.121360064,24.391942520944703,0.124989987
2025-10-31 17:28:38.246350050,18.838631877239813,0.124989987
2025-10-31 17:28:38.371350050,12.59800948465431,0.124989987
2025-10-31 17:28:38.496239901,8.97240930875002,0.124989987
2025-10-31 17:28:38.621229887,9.292907549069021,0.124989987
2025-10-31 17:28:38.746419907,10.792825284296878,0.124989987
2025-10-31 17:28:38.871419907,11.131840810925658,0.124989987
2025-10-31 17:28:38.996309996,9.333243630049521,0.124989987
2025-10-31 17:28:39.121299982,5.810584581738226,0.124989987
2025-10-31 17:28:39.246390104,4.449036686584747,0.124989987
2025-10-31 17:28:39.371390104,7.9853154437834215,0.124989987
2025-10-31 17:28:39.496279955,11.148165821740543,0.124989987
2025-10-31 17:28:39.621269941,12.223267779697949,0.124989987
2025-10-31 17:28:39.746259928,11.389919789117613,0.124989987
2025-10-31 17:28:39.871360064,9.568946582345047,0.124989987
2025-10-31 17:28:39.996350050,7.788751559285353,0.124989987
2025-10-31 17:28:40.121340036,6.776596064362698,0.124989987
2025-10-31 17:28:40.246330023,6.344476871084092,0.124989987
2025-10-31 17:28:40.371419907,7.226294435396056,0.124989987
2025-10-31 17:28:40.496419907,10.610047228289702,0.124989987
2025-10-31 17:28:40.621409893,14.27459735184254,0.124989987
2025-10-31 17:28:40.746299982,15.67219072447394,0.124989987
2025-10-31 17:28:40.871289968,13.610051145606693,0.124989987
2025-10-31 17:28:40.996289968,8.775755970156077,0.124989987
2025-10-31 17:28:41.121380091,5.370260862659189,0.124989987
2025-10-31 17:28:41.246370077,8.680793414339094,0.124989987
2025-10-31 17:28:41.371360064,11.828564182563792,0.124989987
2025-10-31 17:28:41.496259928,12.123615691677829,0.124989987
2025-10-31 17:28:41.621249914,12.13392497717577,0.124989987
2025-10-31 17:28:41.746239901,14.252818531355686,0.124989987
2025-10-31 17:28:41.871229887,16.080694651768127,0.124989987
2025-10-31 17:28:41.996229887,15.376316398621029,0.124989987
2025-10-31 17:28:42.121119976,13.110088813957322,0.124989987
2025-10-31 17:28:42.246109962,11.905934374182731,0.124989987
2025-10-31 17:28:42.371000051,13.159508266187267,0.124989987
2025-10-31 17:28:42.496000051,15.333336484494852,0.124989987
2025-10-31 17:28:42.620889902,16.521386916779022,0.124989987
2025-10-31 17:28:42.745879889,15.883246172965208,0.124989987
2025-10-31 17:28:42.870870113,13.720965877332432,0.124989987
2025-10-31 17:28:42.995860100,10.7893622434282,0.124989987
2025-10-31 17:28:43.120759964,7.823631813138768,0.124989987
2025-10-31 17:28:43.245850086,5.754961536195616,0.124989987
2025-10-31 17:28:43.370739937,5.759838789647155,0.124989987
2025-10-31 17:28:43.495830059,7.091963405744492,0.124989987
2025-10-31 17:28:43.620729923,8.201244287815049,0.124989987
2025-10-31 17:28:43.745719910,8.788364980936331,0.124989987
2025-10-31 17:28:43.870709896,8.843282856818046,0.124989987
2025-10-31 17:28:43.995800018,8.022188567177292,0.124989987
2025-10-31 17:28:44.120800018,6.538625381869034,0.124989987
2025-10-31 17:28:44.245889902,7.132954941145917,0.124989987
2025-10-31 17:28:44.370680094,10.468202281984093,0.124989987
2025-10-31 17:28:44.495670080,13.28084276453332,0.124989987
2025-10-31 17:28:44.620670080,13.860735877878165,0.124989987
2025-10-31 17:28:44.745860100,12.659154288437518,0.124989987
2025-10-31 17:28:44.870749950,11.09187144446351,0.124989987
2025-10-31 17:28:44.995939970,10.115971016962039,0.124989987
2025-10-31 17:28:45.120739937,9.399776664611185,0.124989987
2025-10-31 17:28:45.245830059,9.20650235334679,0.124989987
2025-10-31 17:28:45.370719910,10.226403011187806,0.124989987
2025-10-31 17:28:45.495709896,11.255192268084896,0.124989987
2025-10-31 17:28:45.620699883,10.88268821843638,0.124989987
2025-10-31 17:28:45.745699883,9.082600498371104,0.124989987
2025-10-31 17:28:45.870690107,7.174191078197596,0.124989987
2025-10-31 17:28:45.995779991,6.279711248116827,0.124989987
2025-10-31 17:28:46.120769978,6.290265002006593,0.124989987
2025-10-31 17:28:46.245769978,6.746162991293941,0.124989987
2025-10-31 17:28:46.370759964,6.9253492372378584,0.124989987
2025-10-31 17:28:46.495749950,6.489572930587883,0.124989987
2025-10-31 17:28:46.620739937,6.223768979713017,0.124989987
2025-10-31 17:28:46.745739937,6.864106779455137,0.124989987
2025-10-31 17:28:46.870729923,7.443483339022465,0.124989987
2025-10-31 17:28:46.995820045,7.006222863527465,0.124989987
2025-10-31 17:28:47.120810032,5.913000560484245,0.124989987
2025-10-31 17:28:47.245709896,5.810301632979909,0.124989987
2025-10-31 17:28:47.370599985,8.191449232708155,0.124989987
2025-10-31 17:28:47.495690107,13.826717215913833,0.124989987
2025-10-31 17:28:47.620579958,21.057610586567225,0.124989987
2025-10-31 17:28:47.745670080,26.119461466422827,0.124989987
2025-10-31 17:28:47.870569944,25.38335347139333,0.124989987
2025-10-31 17:28:47.995660067,17.93295978091598,0.124989987
2025-10-31 17:28:48.120650053,10.103998887557294,0.124989987
2025-10-31 17:28:48.245840073,16.717204680238407,0.124989987
2025-10-31 17:28:48.370840073,24.684577556116633,0.124989987
2025-10-31 17:28:48.495830059,25.848545747623564,0.124989987
2025-10-31 17:28:48.620719910,20.2342336814914,0.124989987
2025-10-31 17:28:48.745810032,12.869089647041356,0.124989987
2025-10-31 17:28:48.870709896,11.722207800504435,0.124989987
2025-10-31 17:28:48.995699883,17.385386969798486,0.124989987
2025-10-31 17:28:49.120589972,22.848391770061653,0.124989987
2025-10-31 17:28:49.245579958,25.058195636061246,0.124989987
2025-10-31 17:28:49.370480061,22.016621468884523,0.124989987
2025-10-31 17:28:49.495470047,14.574879334308712,0.124989987
2025-10-31 17:28:49.620460033,10.445840331617942,0.124989987
2025-10-31 17:28:49.745450020,17.455539737384353,0.124989987
2025-10-31 17:28:49.870349884,24.490014316920206,0.124989987
2025-10-31 17:28:49.995340109,26.560934395674902,0.124989987
2025-10-31 17:28:50.120330095,23.600572296277562,0.124989987
2025-10-31 17:28:50.245320082,17.614496953499607,0.124989987
2025-10-31 17:28:50.370310068,11.760941286423504,0.124989987
2025-10-31 17:28:50.495209932,8.654742941401668,0.124989987
2025-10-31 17:28:50.620199919,8.174407410100992,0.124989987
2025-10-31 17:28:50.745290041,8.173347525250655,0.124989987
2025-10-31 17:28:50.870179892,8.656292173587024,0.124989987
2025-10-31 17:28:50.995280027,9.468921383305808,0.124989987
2025-10-31 17:28:51.120270014,9.524182973611595,0.124989987
2025-10-31 17:28:51.245260000,8.150065444428037,0.124989987
2025-10-31 17:28:51.370249987,6.036814956223605,0.124989987
2025-10-31 17:28:51.495249987,5.851801985847523,0.124989987
2025-10-31 17:28:51.620239973,6.977202655762981,0.124989987
2025-10-31 17:28:51.745229959,6.67148899311443,0.124989987
2025-10-31 17:28:51.870120049,5.182042207427397,0.124989987
2025-10-31 17:28:51.995219946,4.751265382400987,0.124989987
2025-10-31 17:28:52.120110035,5.885732174945867,0.124989987
2025-10-31 17:28:52.245199919,6.920105761463186,0.124989987
2025-10-31 17:28:52.370189905,7.471152352063971,0.124989987
2025-10-31 17:28:52.495189905,7.889562825451484,0.124989987
2025-10-31 17:28:52.620179892,8.535931876080257,0.124989987
2025-10-31 17:28:52.745270014,9.174170815256002,0.124989987
2025-10-31 17:28:52.870160103,9.399982101288703,0.124989987
2025-10-31 17:28:52.995249987,9.118847003120734,0.124989987
2025-10-31 17:28:53.120150089,9.745799621701648,0.124989987
2025-10-31 17:28:53.245239973,12.030847785799763,0.124989987
2025-10-31 17:28:53.370130062,13.548326558853274,0.124989987
2025-10-31 17:28:53.495219946,12.247335176656634,0.124989987
2025-10-31 17:28:53.620120049,9.371293890732856,0.124989987
2025-10-31 17:28:53.745209932,9.930096023359894,0.124989987
2025-10-31 17:28:53.870100021,13.501213755976424,0.124989987
2025-10-31 17:28:53.995189905,14.716011984503988,0.124989987
2025-10-31 17:28:54.120090008,12.017845240503432,0.124989987
2025-10-31 17:28:54.245179892,7.855177988999423,0.124989987
2025-10-31 17:28:54.370069981,6.8894730401119935,0.124989987
2025-10-31 17:28:54.495160103,8.19886789759379,0.124989987
2025-10-31 17:28:54.620059967,8.902888042161711,0.124989987
2025-10-31 17:28:54.745150089,8.974531200094853,0.124989987
2025-10-31 17:28:54.870039940,8.390856407041001,0.124989987
2025-10-31 17:28:54.995130062,7.943492427991293,0.124989987
2025-10-31 17:28:55.119930029,9.07259081642394,0.124989987
2025-10-31 17:28:55.245019913,11.338215770196253,0.124989987
2025-10-31 17:28:55.370209932,12.30446569684426,0.124989987
2025-10-31 17:28:55.495100021,10.755273547530347,0.124989987
2025-10-31 17:28:55.619889975,7.871115626827367,0.124989987
2025-10-31 17:28:55.744990110,7.735580079525,0.124989987
2025-10-31 17:28:55.869879961,9.931806746615292,0.124989987
2025-10-31 17:28:55.995069981,10.785335329159262,0.124989987
2025-10-31 17:28:56.119960070,9.619555394385335,0.124989987
2025-10-31 17:28:56.245059967,7.687401655305127,0.124989987
2025-10-31 17:28:56.369950056,7.493326529897718,0.124989987
2025-10-31 17:28:56.495039940,9.327429223081245,0.124989987
2025-10-31 17:28:56.619729996,10.382504710041168,0.124989987
2025-10-31 17:28:56.744829893,9.159283187507524,0.124989987
2025-10-31 17:28:56.869820118,6.3772141151015145,0.124989987
2025-10-31 17:28:56.994910002,4.1960317356983845,0.124989987
2025-10-31 17:28:57.119899988,4.438962261649451,0.124989987
2025-10-31 17:28:57.244999886,5.542153568830261,0.124989987
2025-10-31 17:28:57.369990110,7.526512333588844,0.124989987
2025-10-31 17:28:57.494980097,9.954762973407252,0.124989987
2025-10-31 17:28:57.619770050,11.01647950442209,0.124989987
2025-10-31 17:28:57.744859934,9.537963701513442,0.124989987
2025-10-31 17:28:57.869859934,7.1818755780730426,0.124989987
2025-10-31 17:28:57.994950056,8.896915692388404,0.124989987
2025-10-31 17:28:58.119740009,12.732451380415164,0.124989987
2025-10-31 17:28:58.244829893,14.562266725840383,0.124989987
2025-10-31 17:28:58.369630098,13.45949996590423,0.124989987
2025-10-31 17:28:58.494719982,10.343510699557527,0.124989987
2025-10-31 17:28:58.619810104,6.70618231024284,0.124989987
2025-10-31 17:28:58.744899988,4.410981658933077,0.124989987
2025-10-31 17:28:58.869699955,5.942273321354126,0.124989987
2025-10-31 17:28:58.994790077,9.577398094472162,0.124989987
2025-10-31 17:28:59.119580030,12.37609027696247,0.124989987
2025-10-31 17:28:59.244669914,12.600876206508657,0.124989987
2025-10-31 17:28:59.369570017,9.73702299347429,0.124989987
2025-10-31 17:28:59.494659901,5.309752273399109,0.124989987
2025-10-31 17:28:59.619549990,5.458519120744198,0.124989987
2025-10-31 17:28:59.744640112,8.610286961460053,0.124989987
2025-10-31 17:28:59.869640112,9.555621810798709,0.124989987
2025-10-31 17:28:59.994729996,8.743303268272694,0.124989987
2025-10-31 17:29:00.119519949,10.058392401427378,0.124989987
2025-10-31 17:29:00.244610071,13.384552132847892,0.124989987
2025-10-31 17:29:00.369600058,14.591359944327154,0.124989987
2025-10-31 17:29:00.494600058,11.913307378014427,0.124989987
2025-10-31 17:29:00.619489908,7.922983326248516,0.124989987
2025-10-31 17:29:00.744580030,10.67743755864524,0.124989987
2025-10-31 17:29:00.869570017,17.003540474964765,0.124989987
2025-10-31 17:29:00.994570017,20.21340624849951,0.124989987
2025-10-31 17:29:01.119460106,18.802572219869973,0.124989987
2025-10-31 17:29:01.244549990,13.889701276271602,0.124989987
2025-10-31 17:29:01.369539976,8.470606239949536,0.124989987
2025-10-31 17:29:01.494640112,6.479270584261009,0.124989987
2025-10-31 17:29:01.619430065,7.449700401919865,0.124989987
2025-10-31 17:29:01.744519949,7.92088028436581,0.124989987
2025-10-31 17:29:01.869309902,7.466098405038002,0.124989987
2025-10-31 17:29:01.994509935,6.612311354377152,0.124989987
2025-10-31 17:29:02.119400024,5.908199881152973,0.124989987
2025-10-31 17:29:02.244489908,5.740411248608325,0.124989987
2025-10-31 17:29:02.369479895,5.462623238320488,0.124989987
2025-10-31 17:29:02.494570017,4.8404062595651,0.124989987
2025-10-31 17:29:02.619369984,5.213099503544124,0.124989987
2025-10-31 17:29:02.744460106,6.928428518562776,0.124989987
2025-10-31 17:29:02.869450092,8.234776724295262,0.124989987
2025-10-31 17:29:02.994539976,8.004250992226943,0.124989987
2025-10-31 17:29:03.119440079,6.778576029333374,0.124989987
2025-10-31 17:29:03.244529963,6.580622694860342,0.124989987
2025-10-31 17:29:03.369420052,8.047568728229415,0.124989987
2025-10-31 17:29:03.494509935,8.466916124922346,0.124989987
2025-10-31 17:29:03.619509935,7.229277204877608,0.124989987
2025-10-31 17:29:03.744800091,6.364293252046687,0.124989987
2025-10-31 17:29:03.869489908,7.5353623336233815,0.124989987
2025-10-31 17:29:03.994580030,8.819212048174881,0.124989987
2025-10-31 17:29:04.119479895,8.969122558674568,0.124989987
2025-10-31 17:29:04.244570017,8.354300055063979,0.124989987
2025-10-31 17:29:04.369460106,7.481691105308812,0.124989987
2025-10-31 17:29:04.494549990,6.94697487201595,0.124989987
2025-10-31 17:29:04.619450092,7.978269867684847,0.124989987
2025-10-31 17:29:04.744539976,9.892842451801,0.124989987
2025-10-31 17:29:04.869329929,10.714653367404004,0.124989987
2025-10-31 17:29:04.994420052,10.064326212796216,0.124989987
2025-10-31 17:29:05.119309902,9.222202624056793,0.124989987
2025-10-31 17:29:05.244410038,9.283619373158079,0.124989987
2025-10-31 17:29:05.369199991,9.355173311110704,0.124989987
2025-10-31 17:29:05.494290113,8.68076291901835,0.124989987
2025-10-31 17:29:05.619080067,8.608445684867855,0.124989987
2025-10-31 17:29:05.744179964,10.066924041616932,0.124989987
2025-10-31 17:29:05.868969917,11.61110949305397,0.124989987
2025-10-31 17:29:05.994060040,11.788118412700136,0.124989987
2025-10-31 17:29:06.119050026,10.37425874529684,0.124989987
2025-10-31 17:29:06.244050026,7.962828662030158,0.124989987
2025-10-31 17:29:06.368940115,5.710626866762089,0.124989987
2025-10-31 17:29:06.494029999,4.899287048272943,0.124989987
2025-10-31 17:29:06.618920088,5.748393941739119,0.124989987
2025-10-31 17:29:06.744019985,7.290234475692192,0.124989987
2025-10-31 17:29:06.868910074,8.501814510629716,0.124989987
2025-10-31 17:29:06.994100094,8.682157719413762,0.124989987
2025-10-31 17:29:07.118989944,7.962566598895107,0.124989987
2025-10-31 17:29:07.244090080,6.760187249987089,0.124989987
2025-10-31 17:29:07.368979931,5.674434336623608,0.124989987
2025-10-31 17:29:07.493969917,5.003359020580474,0.124989987
2025-10-31 17:29:07.618860006,5.081936955944455,0.124989987
2025-10-31 17:29:07.744050026,6.47853363165678,0.124989987
2025-10-31 17:29:07.868949890,8.196437247795288,0.124989987
2025-10-31 17:29:07.994139910,9.114162639805208,0.124989987
2025-10-31 17:29:08.118930101,9.045662471226803,0.124989987
2025-10-31 17:29:08.244019985,8.446135685883574,0.124989987
2025-10-31 17:29:08.368920088,8.115245818541233,0.124989987
2025-10-31 17:29:08.494110107,8.504293937659789,0.124989987
2025-10-31 17:29:08.618999958,9.19308354833328,0.124989987
2025-10-31 17:29:08.744090080,10.179991072901684,0.124989987
2025-10-31 17:29:08.868989944,11.148837117319275,0.124989987
2025-10-31 17:29:08.994080067,11.12743305048604,0.124989987
2025-10-31 17:29:09.118969917,10.155805199794598,0.124989987
2025-10-31 17:29:09.244060040,9.350851674456399,0.124989987
2025-10-31 17:29:09.368959904,9.820926951919153,0.124989987
2025-10-31 17:29:09.494050026,11.410265204857467,0.124989987
2025-10-31 17:29:09.618940115,13.325132530171507,0.124989987
2025-10-31 17:29:09.744230032,14.604613644274952,0.124989987
2025-10-31 17:29:09.869119883,14.171916597790116,0.124989987
2025-10-31 17:29:09.994119883,12.03615879139142,0.124989987
2025-10-31 17:29:10.119009972,8.963860106267052,0.124989987
2025-10-31 17:29:10.244100094,5.926152644809109,0.124989987
2025-10-31 17:29:10.368989944,4.483675435584739,0.124989987
2025-10-31 17:29:10.494090080,5.501790196070185,0.124989987
2025-10-31 17:29:10.618979931,6.825493450852107,0.124989987
2025-10-31 17:29:10.743969917,7.270129589262423,0.124989987
2025-10-31 17:29:10.868860006,6.4989232681198805,0.124989987
2025-10-31 17:29:10.993860006,5.465888839177026,0.124989987
2025-10-31 17:29:11.118849993,5.349061747526945,0.124989987
2025-10-31 17:29:11.243839979,5.737352367408246,0.124989987
2025-10-31 17:29:11.368829966,6.010838561817145,0.124989987
2025-10-31 17:29:11.493930101,6.670514745590554,0.124989987
2025-10-31 17:29:11.618819952,7.572623955864042,0.124989987
2025-10-31 17:29:11.743710041,7.971016840183818,0.124989987
2025-10-31 17:29:11.868700027,7.481140379386355,0.124989987
2025-10-31 17:29:11.993700027,6.844319861008177,0.124989987
2025-10-31 17:29:12.118590117,7.2364115241034375,0.124989987
2025-10-31 17:29:12.243779898,8.210398239278346,0.124989987
2025-10-31 17:29:12.368669987,8.552069288635003,0.124989987
2025-10-31 17:29:12.493760109,7.745651632082483,0.124989987
2025-10-31 17:29:12.618659973,7.018530636444283,0.124989987
2025-10-31 17:29:12.743750095,8.447767093415042,0.124989987
2025-10-31 17:29:12.868639946,10.946933395344924,0.124989987
2025-10-31 17:29:12.993730068,12.025845035628224,0.124989987
2025-10-31 17:29:13.118730068,10.707943248480072,0.124989987
2025-10-31 17:29:13.243619919,8.207221835333806,0.124989987
2025-10-31 17:29:13.368410110,7.775678703835764,0.124989987
2025-10-31 17:29:13.493499994,9.846621371421723,0.124989987
2025-10-31 17:29:13.618499994,11.003084212352418,0.124989987
2025-10-31 17:29:13.743590117,9.534269479174164,0.124989987
2025-10-31 17:29:13.868580103,6.14464315128934,0.124989987
2025-10-31 17:29:13.993570089,4.751579549679558,0.124989987
2025-10-31 17:29:14.118469954,7.418853614180093,0.124989987
2025-10-31 17:29:14.243560076,9.38193529989671,0.124989987
2025-10-31 17:29:14.368649960,9.178028461322237,0.124989987
2025-10-31 17:29:14.493639946,7.113671387252295,0.124989987
2025-10-31 17:29:14.618540049,4.783035238003687,0.124989987
2025-10-31 17:29:14.743629932,5.4044393420716625,0.124989987
2025-10-31 17:29:14.868520021,7.557803099256622,0.124989987
2025-10-31 17:29:14.993609905,8.362647596605337,0.124989987
2025-10-31 17:29:15.118499994,6.866592450290683,0.124989987
2025-10-31 17:29:15.243599892,4.0703466928022225,0.124989987
2025-10-31 17:29:15.368489981,5.216992379302753,0.124989987
2025-10-31 17:29:15.493479967,9.00385211880998,0.124989987
2025-10-31 17:29:15.618370056,11.154386033092857,0.124989987
2025-10-31 17:29:15.743570089,10.515697541192644,0.124989987
2025-10-31 17:29:15.868459940,7.644926706480381,0.124989987
2025-10-31 17:29:15.993449926,5.205769248846609,0.124989987
2025-10-31 17:29:16.118340015,6.546189129772373,0.124989987
2025-10-31 17:29:16.243340015,9.051073731989312,0.124989987
2025-10-31 17:29:16.368330002,10.752767303263656,0.124989987
2025-10-31 17:29:16.493319988,11.254344457841025,0.124989987
2025-10-31 17:29:16.618309975,10.20517002865327,0.124989987
2025-10-31 17:29:16.743309975,7.765365131451064,0.124989987
2025-10-31 17:29:16.868299961,5.656458792492526,0.124989987
2025-10-31 17:29:16.993390083,6.365351539849232,0.124989987
2025-10-31 17:29:17.118279934,8.258077620716458,0.124989987
2025-10-31 17:29:17.243370056,9.357963848994874,0.124989987
2025-10-31 17:29:17.368370056,9.920482531101397,0.124989987
2025-10-31 17:29:17.493259907,10.277732313729766,0.124989987
2025-10-31 17:29:17.618249893,9.940161237873559,0.124989987
2025-10-31 17:29:17.743340015,8.224714279444727,0.124989987
2025-10-31 17:29:17.868240118,5.9572525556111025,0.124989987
2025-10-31 17:29:17.993330002,5.988409116951179,0.124989987
2025-10-31 17:29:18.118319988,7.835454452055223,0.124989987
2025-10-31 17:29:18.243210077,8.073949988899486,0.124989987
2025-10-31 17:29:18.368210077,5.875729678556102,0.124989987
2025-10-31 17:29:18.493299961,4.231640890860424,0.124989987
2025-10-31 17:29:18.618289948,7.646921044966726,0.124989987
2025-10-31 17:29:18.743279934,11.250703412996097,0.124989987
2025-10-31 17:29:18.868279934,12.218016632327808,0.124989987
2025-10-31 17:29:18.993269920,10.550762768130323,0.124989987
2025-10-31 17:29:19.118259907,9.2791654657732,0.124989987
2025-10-31 17:29:19.243249893,9.86574911696309,0.124989987
2025-10-31 17:29:19.368249893,9.797819527919566,0.124989987
2025-10-31 17:29:19.493240118,8.634656521035854,0.124989987
2025-10-31 17:29:19.618330002,9.90502819306437,0.124989987
2025-10-31 17:29:19.743319988,13.877266065007186,0.124989987
2025-10-31 17:29:19.868309975,16.998387232902772,0.124989987
2025-10-31 17:29:19.993309975,17.834875239266015,0.124989987
2025-10-31 17:29:20.118400097,16.66444811561874,0.124989987
2025-10-31 17:29:20.243390083,14.378347135615554,0.124989987
2025-10-31 17:29:20.368380070,12.078907100498663,0.124989987
2025-10-31 17:29:20.493279934,10.458788047298835,0.124989987
2025-10-31 17:29:20.618269920,9.312941286813425,0.124989987
2025-10-31 17:29:20.743360043,9.988390306205948,0.124989987
2025-10-31 17:29:20.868149996,13.564384677833269,0.124989987
2025-10-31 17:29:20.993149996,17.365381099811977,0.124989987
2025-10-31 17:29:21.118040085,19.039975924606285,0.124989987
2025-10-31 17:29:21.243030071,17.937521751483285,0.124989987
2025-10-31 17:29:21.367919922,14.868227047696543,0.124989987
2025-10-31 17:29:21.492919922,11.045454399067065,0.124989987
2025-10-31 17:29:21.617810011,7.359096401052373,0.124989987
2025-10-31 17:29:21.742799997,5.543097485180286,0.124989987
2025-10-31 17:29:21.867889881,6.062181923541308,0.124989987
2025-10-31 17:29:21.992889881,6.624422965107,0.124989987
2025-10-31 17:29:22.117880106,6.4727517163588155,0.124989987
2025-10-31 17:29:22.242870092,6.342606064406018,0.124989987
2025-10-31 17:29:22.367860079,6.90780647498495,0.124989987
2025-10-31 17:29:22.492850065,8.02940053458289,0.124989987
2025-10-31 17:29:22.617949963,9.177733096521875,0.124989987
2025-10-31 17:29:22.742939949,10.1886815258816,0.124989987
2025-10-31 17:29:22.867729902,10.217510315155645,0.124989987
2025-10-31 17:29:22.992719889,8.374351522976747,0.124989987
2025-10-31 17:29:23.117919922,5.4391624201904465,0.124989987
2025-10-31 17:29:23.242909908,4.5528228760851235,0.124989987
2025-10-31 17:29:23.367899895,5.897116998102886,0.124989987
2025-10-31 17:29:23.492889881,6.3394350921795874,0.124989987
2025-10-31 17:29:23.617990017,6.149801808348299,0.124989987
2025-10-31 17:29:23.742980003,6.372471743539787,0.124989987
2025-10-31 17:29:23.867870092,6.652634533681375,0.124989987
2025-10-31 17:29:23.992860079,6.906107654183649,0.124989987
2025-10-31 17:29:24.117759943,7.892721897959411,0.124989987
2025-10-31 17:29:24.242749929,9.097351010451394,0.124989987
2025-10-31 17:29:24.367840052,8.310730537608952,0.124989987
2025-10-31 17:29:24.492830038,6.131565043195823,0.124989987
2025-10-31 17:29:24.617820024,12.466646916243395,0.124989987
2025-10-31 17:29:24.742820024,24.284534064116922,0.124989987
2025-10-31 17:29:24.867810011,34.40632928473588,0.124989987
2025-10-31 17:29:24.992799997,38.52463428219643,0.124989987
2025-10-31 17:29:25.117789984,34.253801193537,0.124989987
2025-10-31 17:29:25.242789984,22.360592094090713,0.124989987
2025-10-31 17:29:25.367779970,9.690610483794352,0.124989987
2025-10-31 17:29:25.492870092,17.764604263454117,0.124989987
2025-10-31 17:29:25.617860079,28.72331274854284,0.124989987
2025-10-31 17:29:25.742759943,32.33191026958862,0.124989987
2025-10-31 17:29:25.867749929,28.88623313906783,0.124989987
2025-10-31 17:29:25.992539883,21.842660857946367,0.124989987
2025-10-31 17:29:26.117530107,15.077391980240675,0.124989987
2025-10-31 17:29:26.242530107,11.423128647353623,0.124989987
2025-10-31 17:29:26.367520094,11.571539024911683,0.124989987
2025-10-31 17:29:26.492510080,12.738000709734788,0.124989987
2025-10-31 17:29:26.617500067,12.684223036913021,0.124989987
2025-10-31 17:29:26.742500067,11.409574784774497,0.124989987
2025-10-31 17:29:26.867490053,9.923729126498719,0.124989987
2025-10-31 17:29:26.992480040,8.770160490396115,0.124989987
2025-10-31 17:29:27.117470026,7.857555368666134,0.124989987
2025-10-31 17:29:27.242460012,6.967197868419486,0.124989987
2025-10-31 17:29:27.367460012,6.1801545284627775,0.124989987
2025-10-31 17:29:27.492449999,6.042515370973251,0.124989987
2025-10-31 17:29:27.617539883,6.3280875642773795,0.124989987
2025-10-31 17:29:27.742429972,6.831999901436401,0.124989987
2025-10-31 17:29:27.867429972,7.698161550443715,0.124989987
2025-10-31 17:29:27.992520094,8.430844618600855,0.124989987
2025-10-31 17:29:28.117510080,8.175323088195597,0.124989987
2025-10-31 17:29:28.242500067,6.833247252819117,0.124989987
2025-10-31 17:29:28.367500067,5.842810890367323,0.124989987
2025-10-31 17:29:28.492490053,6.347873961218511,0.124989987
2025-10-31 17:29:28.617579937,7.353202063051171,0.124989987
2025-10-31 17:29:28.742470026,9.695120575659748,0.124989987
2025-10-31 17:29:28.867470026,14.586995017463328,0.124989987
2025-10-31 17:29:28.992460012,19.86736548891951,0.124989987
2025-10-31 17:29:29.117449999,21.701016532759038,0.124989987
2025-10-31 17:29:29.242439985,17.875568084416145,0.124989987
2025-10-31 17:29:29.367439985,9.885034981344575,0.124989987
2025-10-31 17:29:29.492330074,8.130948447388349,0.124989987
2025-10-31 17:29:29.617320061,15.923339194271781,0.124989987
2025-10-31 17:29:29.742310047,21.282868957152115,0.124989987
2025-10-31 17:29:29.867300034,21.847110266294877,0.124989987
2025-10-31 17:29:29.992300034,18.52568034327328,0.124989987
2025-10-31 17:29:30.117290020,13.543274772778886,0.124989987
2025-10-31 17:29:30.242280006,9.656841463320552,0.124989987
2025-10-31 17:29:30.367269993,8.86387128437118,0.124989987
2025-10-31 17:29:30.492369890,9.224532102676157,0.124989987
2025-10-31 17:29:30.617460012,8.129534099650975,0.124989987
2025-10-31 17:29:30.742350101,6.362162665945363,0.124989987
2025-10-31 17:29:30.867340088,6.191536731710552,0.124989987
2025-10-31 17:29:30.992340088,7.468581224016248,0.124989987
2025-10-31 17:29:31.117330074,8.209115243119504,0.124989987
2025-10-31 17:29:31.242320061,7.563791374850842,0.124989987
2025-10-31 17:29:31.367209911,6.204817238510012,0.124989987
2025-10-31 17:29:31.492209911,5.797183502109883,0.124989987
2025-10-31 17:29:31.617199898,6.146003911939122,0.124989987
2025-10-31 17:29:31.742290020,5.854407768061515,0.124989987
2025-10-31 17:29:31.867379904,4.707202472668983,0.124989987
2025-10-31 17:29:31.992369890,4.751374819614529,0.124989987
2025-10-31 17:29:32.117369890,7.515710658584054,0.124989987
2025-10-31 17:29:32.242360115,10.828401176113815,0.124989987
2025-10-31 17:29:32.367350101,12.737887978586638,0.124989987
2025-10-31 17:29:32.492340088,11.893818126351102,0.124989987
2025-10-31 17:29:32.617340088,8.51337528144431,0.124989987
2025-10-31 17:29:32.742330074,6.1696582859173,0.124989987
2025-10-31 17:29:32.867219925,8.565350322188637,0.124989987
2025-10-31 17:29:32.992209911,10.823585801800162,0.124989987
2025-10-31 17:29:33.117110014,9.74662323186405,0.124989987
2025-10-31 17:29:33.242100000,5.5822709264055765,0.124989987
2025-10-31 17:29:33.366990089,3.6100729962743126,0.124989987
2025-10-31 17:29:33.491980076,8.23932987123856,0.124989987
2025-10-31 17:29:33.616879940,11.295412437517674,0.124989987
2025-10-31 17:29:33.741869926,10.989941675241639,0.124989987
2025-10-31 17:29:33.867059946,7.878122326083545,0.124989987
2025-10-31 17:29:33.992049932,5.6030574790296415,0.124989987
2025-10-31 17:29:34.117249966,8.079058027986122,0.124989987
2025-10-31 17:29:34.242239952,10.993963540449233,0.124989987
2025-10-31 17:29:34.367130041,11.942407340349305,0.124989987
2025-10-31 17:29:34.492320061,11.008832522820029,0.124989987
2025-10-31 17:29:34.617110014,9.088216362327158,0.124989987
2025-10-31 17:29:34.742110014,7.8635951985324715,0.124989987
2025-10-31 17:29:34.866899967,8.585270268163432,0.124989987
2025-10-31 17:29:34.991889954,10.156929525017096,0.124989987
2025-10-31 17:29:35.116879940,10.72466265007245,0.124989987
2025-10-31 17:29:35.241980076,9.729060346147875,0.124989987
2025-10-31 17:29:35.366869926,9.211125725627841,0.124989987
2025-10-31 17:29:35.491859913,11.317792119368114,0.124989987
2025-10-31 17:29:35.616750002,13.75899383970957,0.124989987
2025-10-31 17:29:35.741750002,14.250233355754776,0.124989987
2025-10-31 17:29:35.866839886,12.869767761707124,0.124989987
2025-10-31 17:29:35.991830111,10.72429941388532,0.124989987
2025-10-31 17:29:36.116919994,8.758518351324383,0.124989987
2025-10-31 17:29:36.241919994,7.735160767082609,0.124989987
2025-10-31 17:29:36.366810083,7.888444223100078,0.124989987
2025-10-31 17:29:36.491800070,7.956752658025699,0.124989987
2025-10-31 17:29:36.616689920,6.874401189373804,0.124989987
2025-10-31 17:29:36.741689920,5.190390324676171,0.124989987
2025-10-31 17:29:36.866780043,5.221170507229676,0.124989987
2025-10-31 17:29:36.991770029,7.132938795877335,0.124989987
2025-10-31 17:29:37.116760015,8.562020806769452,0.124989987
2025-10-31 17:29:37.241750002,8.43283418441072,0.124989987
2025-10-31 17:29:37.366750002,7.229481942163215,0.124989987
2025-10-31 17:29:37.491739988,6.499749201238535,0.124989987
2025-10-31 17:29:37.616630077,6.8985231350671,0.124989987
2025-10-31 17:29:37.741620064,7.31686141656783,0.124989987
2025-10-31 17:29:37.866620064,7.318103666407029,0.124989987
2025-10-31 17:29:37.991610050,7.369882724133811,0.124989987
2025-10-31 17:29:38.116699934,7.634690152762194,0.124989987
2025-10-31 17:29:38.241790056,7.886154729643085,0.124989987
2025-10-31 17:29:38.366790056,8.049266295914926,0.124989987
2025-10-31 17:29:38.491780043,8.491764548705353,0.124989987
2025-10-31 17:29:38.616669893,9.470054602264288,0.124989987
2025-10-31 17:29:38.741660118,10.235750946529032,0.124989987
2025-10-31 17:29:38.866660118,9.477750770650282,0.124989987
2025-10-31 17:29:38.991650105,7.0911946013955935,0.124989987
2025-10-31 17:29:39.116539955,5.824787337822127,0.124989987
2025-10-31 17:29:39.241529942,8.987195864567992,0.124989987
2025-10-31 17:29:39.366529942,13.297194391391706,0.124989987
2025-10-31 17:29:39.491620064,16.60008081024379,0.124989987
2025-10-31 17:29:39.616509914,18.941202363308854,0.124989987
2025-10-31 17:29:39.741499901,20.762912275048652,0.124989987
2025-10-31 17:29:39.866590023,21.232660981991728,0.124989987
2025-10-31 17:29:39.991590023,19.11998867726642,0.124989987
2025-10-31 17:29:40.116679907,15.290652257167412,0.124989987
2025-10-31 17:29:40.241669893,12.639040100375825,0.124989987
2025-10-31 17:29:40.366559982,13.350435839789878,0.124989987
2025-10-31 17:29:40.491559982,15.671009659145414,0.124989987
2025-10-31 17:29:40.616549969,16.298214266600066,0.124989987
2025-10-31 17:29:40.741539955,14.158435414667013,0.124989987
2025-10-31 17:29:40.866430044,11.268745888667027,0.124989987
2025-10-31 17:29:40.991430044,11.487955668671166,0.124989987
2025-10-31 17:29:41.116319895,13.513920336294019,0.124989987
2025-10-31 17:29:41.241209984,13.634576505111701,0.124989987
2025-10-31 17:29:41.366400003,10.878466101602514,0.124989987
2025-10-31 17:29:41.491300106,7.967064419512749,0.124989987
2025-10-31 17:29:41.616290092,9.180108520604154,0.124989987
2025-10-31 17:29:41.741280079,11.40465690749419,0.124989987
2025-10-31 17:29:41.866369963,11.008579133512464,0.124989987
2025-10-31 17:29:41.991359949,8.507253639653575,0.124989987
2025-10-31 17:29:42.116359949,7.129554290496285,0.124989987
2025-10-31 17:29:42.241349936,7.795018669627098,0.124989987
2025-10-31 17:29:42.366339922,8.012975405622058,0.124989987
2025-10-31 17:29:42.491329908,7.702106729720319,0.124989987
2025-10-31 17:29:42.616430044,8.210035536763954,0.124989987
2025-10-31 17:29:42.741420031,9.86978507009033,0.124989987
2025-10-31 17:29:42.866410017,11.636592575694571,0.124989987
2025-10-31 17:29:42.991400003,12.354547993044504,0.124989987
2025-10-31 17:29:43.116400003,11.285723751416079,0.124989987
2025-10-31 17:29:43.241389990,8.554737817450166,0.124989987
2025-10-31 17:29:43.366379976,5.183572461283723,0.124989987
2025-10-31 17:29:43.491369963,4.7225798267602626,0.124989987
2025-10-31 17:29:43.616270065,6.767412071144997,0.124989987
2025-10-31 17:29:43.741260052,7.612912643696761,0.124989987
2025-10-31 17:29:43.866349936,7.05070184367762,0.124989987
2025-10-31 17:29:43.991339922,6.038191275494261,0.124989987
2025-10-31 17:29:44.116240025,5.242266655552538,0.124989987
2025-10-31 17:29:44.241230011,4.383903409266677,0.124989987
2025-10-31 17:29:44.366219997,4.293008879341389,0.124989987
2025-10-31 17:29:44.491209984,5.739480267884802,0.124989987
2025-10-31 17:29:44.616199970,7.488022363973214,0.124989987
2025-10-31 17:29:44.741199970,9.222881265184649,0.124989987
2025-10-31 17:29:44.866290092,10.86589453293239,0.124989987
2025-10-31 17:29:44.991280079,11.023101267537553,0.124989987
2025-10-31 17:29:45.116270065,8.739209781073285,0.124989987
2025-10-31 17:29:45.241270065,5.550291118070656,0.124989987
2025-10-31 17:29:45.366260052,7.525431556485381,0.124989987
2025-10-31 17:29:45.491250038,11.8779182877423,0.124989987
2025-10-31 17:29:45.616339922,13.935999722209061,0.124989987
2025-10-31 17:29:45.741339922,13.062947013987884,0.124989987
2025-10-31 17:29:45.866329908,10.384113693616465,0.124989987
2025-10-31 17:29:45.991319895,7.648472033650186,0.124989987
2025-10-31 17:29:46.116309881,5.906985682379465,0.124989987
2025-10-31 17:29:46.241410017,4.743389426216553,0.124989987
2025-10-31 17:29:46.366300106,3.6078825349093617,0.124989987
2025-10-31 17:29:46.491189957,2.9609835213288505,0.124989987
2025-10-31 17:29:46.616179943,3.270275883332322,0.124989987
2025-10-31 17:29:46.741270065,4.103241737702033,0.124989987
2025-10-31 17:29:46.866369963,4.91242172070945,0.124989987
2025-10-31 17:29:46.991260052,5.484415864271965,0.124989987
2025-10-31 17:29:47.116250038,5.529080924219684,0.124989987
2025-10-31 17:29:47.241139889,4.966913780647799,0.124989987
2025-10-31 17:29:47.366139889,4.37111490680753,0.124989987
2025-10-31 17:29:47.490930080,4.758873609388885,0.124989987
2025-10-31 17:29:47.615920067,5.898733049485627,0.124989987
2025-10-31 17:29:47.740809917,6.6068588291638255,0.124989987
2025-10-31 17:29:47.865910053,6.3068808581761715,0.124989987
2025-10-31 17:29:47.990900040,5.1962231692527405,0.124989987
2025-10-31 17:29:48.115890026,4.001819321212665,0.124989987
2025-10-31 17:29:48.240880013,3.596415131356363,0.124989987
2025-10-31 17:29:48.365880013,3.7080004891079774,0.124989987
2025-10-31 17:29:48.490869999,3.529689983513142,0.124989987
2025-10-31 17:29:48.615959883,3.198746903099712,0.124989987
2025-10-31 17:29:48.740849972,3.506038601235303,0.124989987
2025-10-31 17:29:48.865849972,4.4556092877116145,0.124989987
2025-10-31 17:29:48.990839958,5.357181055555337,0.124989987
2025-10-31 17:29:49.116029978,5.830946133653525,0.124989987
2025-10-31 17:29:49.240819931,6.0353537409923215,0.124989987
2025-10-31 17:29:49.365910053,6.37004527828955,0.124989987
2025-10-31 17:29:49.490910053,7.30434839524786,0.124989987
2025-10-31 17:29:49.615799904,8.568296026548744,0.124989987
2025-10-31 17:29:49.740789890,9.05034152766491,0.124989987
2025-10-31 17:29:49.865780115,7.997237742789318,0.124989987
2025-10-31 17:29:49.990880013,6.5762170943559966,0.124989987
2025-10-31 17:29:50.115969896,7.422259632141413,0.124989987
2025-10-31 17:29:50.240760088,9.405760347516356,0.124989987
2025-10-31 17:29:50.365849972,9.997330755075778,0.124989987
2025-10-31 17:29:50.490750074,8.698989071286961,0.124989987
2025-10-31 17:29:50.615940094,6.856110705889163,0.124989987
2025-10-31 17:29:50.740829945,5.74928724609912,0.124989987
2025-10-31 17:29:50.865920067,5.001299513665423,0.124989987
2025-10-31 17:29:50.990819931,4.165886874968643,0.124989987
2025-10-31 17:29:51.115910053,4.421763820534629,0.124989987
2025-10-31 17:29:51.240900040,5.318944537054133,0.124989987
2025-10-31 17:29:51.365890026,5.642700750459394,0.124989987
2025-10-31 17:29:51.490780115,5.45773631493928,0.124989987
2025-10-31 17:29:51.615880013,5.520341009073805,0.124989987
